3586 5766
342 711 378 764 n
695 703 884 778 cnutus,
913 703 1035 769 xxvi,
1064 705 1129 760 too.

338 836 486 916 aiebant,
512 833 583 917 illo,
603 857 706 927 quem
731 831 898 927 significat
923 831 1022 902 valde
1047 832 1186 903 doctum
1212 857 1284 904 esse
1308 837 1475 924 Lucilius;

339 950 394 1020 alii
414 948 538 1018 multos
553 947 697 1032 nobiles,
719 945 812 1043 quod
833 947 978 1044 quisque
1007 948 1183 1043 potuisset,
1218 949 1254 1018 in
1284 949 1376 1020 illam
1400 977 1478 1022 ora-

340 1066 467 1136 tionem
491 1051 688 1134 contulisse.
721 1065 805 1152 [400]
829 1065 918 1131 'lum
945 1087 1038 1160 ego:
1065 1062 1187 1133 Audivi
1213 1065 1374 1162 equidem
1402 1067 1474 1154 ista,

339 1181 491 1277 inquom,
513 1179 557 1250 de
577 1178 762 1271 majoribus
779 1193 874 1262 natu,
899 1177 958 1248 sed
975 1203 1151 1274 nunquam
1168 1205 1243 1249 sum
1258 1181 1427 1252 adductus
1442 1199 1478 1252 ut

338 1295 541 1382 cretleretn3
589 1317 734 1390 eamque
772 1293 1003 1390 suspicionem
1037 1309 1181 1391 propter
1217 1294 1306 1366 ltunc
1342 1323 1475 1368 causam

337 1411 443 1482 cretlo
461 1409 577 1498 luisse,
592 1409 685 1506 quod
703 1410 852 1480 Fannius
870 1411 905 1480 in
925 1409 1157 1482 mediocribus
1174 1413 1367 1483 oratoribus
1386 1414 1475 1484 liubi-

337 1544 390 1598 tus
411 1542 511 1613 esset,
530 1527 640 1598 oratio
664 1541 778 1596 autem
805 1524 856 1596 vel
877 1526 1007 1623 optima
1027 1541 1115 1597 osset
1138 1528 1195 1597 illo
1221 1529 1359 1624 (paidom
1389 1545 1477 1600 tem-

338 1669 422 1740 pore
441 1643 635 1714 orationum
652 1641 819 1712 omnium.
839 1641 906 1713 Sed
927 1667 991 1712 uec
1011 1643 1177 1737 ejusmodi
1196 1657 1259 1730 ost,
1279 1660 1315 1714 ut
1334 1671 1351 1714 a
1369 1647 1477 1742 pluri-

335 1761 400 1832 bus
417 1760 558 1831 confusa
578 1759 752 1846 vitleatur;
780 1785 868 1829 unus
892 1759 983 1830 enim
1004 1785 1107 1830 sonus
1127 1777 1178 1831 est
1193 1761 1296 1831 totius
1315 1763 1479 1834 orationis

336 1893 370 1949 et
389 1877 478 1948 idem
499 1875 607 1962 stilus,
627 1901 690 1946 nec
708 1875 752 1947 tle
771 1875 889 1946 Persio
907 1877 1101 1948 reticuisset
1123 1877 1315 1965 Gracchus,
1342 1906 1420 1947 eunt
1446 1885 1481 1951 ei

337 1993 484 2064 Fannius
509 1993 552 2063 ‹le
578 1992 736 2062 Menelao
762 1991 969 2062 Maratheno
993 1991 1094 2062 etde
1118 1993 1241 2064 ceteris
1269 1995 1475 2087 objecisset:

336 2099 524 2204 praesentim
545 2132 623 2178 cum
644 2108 793 2177 Fannius
808 2131 984 2202 nunquam
1003 2108 1045 2177 sit
1063 2107 1199 2178 babitus
1220 2108 1377 2204 elinguis.
1391 2113 1477 2180 Nam

331 2235 370 2292 et
388 2247 506 2292 causas
525 2221 744 2292 defensitavit
759 2237 792 2291 ct
811 2221 1004 2291 tribunatus
1016 2223 1109 2314 ejus,
1132 2223 1276 2292 arbitrio
1300 2239 1334 2291 et
1357 2240 1478 2294 aucto-

337 2337 436 2445 ritate
463 2339 501 2406 P.
525 2335 678 2406 Africani
697 2350 826 2432 gestus,
854 2359 923 2404 non
941 2336 1110 2406 obscurus
1138 2335 1214 2406 luit.
1245 2337 1341 2408 Alter
1364 2353 1478 2409 autem

363 2543 505 2589 Vaataaraa
518 2559 524 2588 ε
544 2548 587 2588 tuo
598 2556 650 2588 enm
659 2552 684 2588 et
693 2543 721 2588 h.
732 2567 764 2578 -
774 2541 881 2588 menelao
889 2543 917 2588 Μ
922 2538 942 2594 ¹.
953 2542 1078 2588 menelano
1087 2543 1109 2588 F
1118 2543 1139 2589 0
1149 2543 1178 2598 G,
1190 2541 1314 2604 menelnne
1324 2559 1344 2588 r.

362 2615 413 2661 NG.
432 2621 483 2659 44444.
505 2614 604 2677 Kayser,
619 2613 713 2674 al'aprea
733 2613 813 2660 Bake:
826 2612 919 2659 liabitas
930 2624 995 2662 eat...
1012 2614 1098 2676 optimu
1116 2622 1160 2660 eat.
1173 2614 1232 2660 blais
1248 2615 1281 2660 lea
1295 2617 1356 2660 tleua
1369 2615 1480 2675 subjunc-

333 2685 372 2737 tiia
384 2686 544 2750 a'eapliquent
561 2685 607 2732 tria
629 2685 684 2732 bien
700 2701 758 2732 aree
772 2686 931 2749 suspicionem.
943 2686 1034 2733 Attieua
1049 2701 1078 2732 na
1091 2687 1169 2732 alanne
1185 2702 1226 2748 paa
1240 2687 1275 2734 le'a
1287 2687 1376 2733 rniaons
1386 2703 1478 2733 mmme

333 2769 420 2822 venant
434 2758 518 2817 delui,
532 2759 691 2804 maiaeontme
703 2756 770 2804 itant
780 2757 802 2802 la
815 2759 903 2820 penaie
918 2757 948 2804 de
965 2773 1025 2804 eeua
1041 2757 1082 2818 qui
1100 2757 1193 2804 avaient
1207 2760 1249 2805 alea
1268 2773 1392 2820 aoupeona.
1403 2783 1436 2794 -
1447 2758 1478 2812 ei,

333 2817 466 2877 eoireetiun
480 2831 511 2877 ala
523 2833 621 2885 Gruter.
635 2830 718 2892 paaaea
737 2829 796 2874 dana
812 2840 891 2876 toutea
910 2829 943 2876 les
962 2829 1066 2876 editiona
1079 2830 1194 2876 recantes.
1208 2833 1252 2876 Lea
1267 2830 1362 2876 anciena
1374 2820 1479 2876 &alitent-'⁸

329 2895 474 2950 'conaervent
483 2913 516 2958 et,
531 2901 611 2963 lequel
623 2911 659 2948 eat
669 2901 772 2949 ale'lantln
783 2917 827 2961 par
836 2901 912 2957 lland,
925 2900 1036 2956 runata,
1047 2903 1078 2956 ΙΙ,
1094 2915 1118 2961 p.
1134 2907 1178 2946 ata
1190 2900 1239 2962 (qai
1250 2900 1392 2962 acripseraat
1402 2903 1425 2946 ai
1435 2917 1479 2962 aaa

334 2971 439 3028 viderant
446 2973 532 3035 optima
542 2987 567 3018 ae
578 2972 659 3018 natm
668 2988 719 3017 cum
731 2983 754 3018 et
765 2991 793 3014 ε
805 2971 836 3017 tia
845 2968 932 3035 nack).
939 2971 998 3034 Gi}
1009 2977 1061 3017 404.

325 3093 435 3180 ¹lauritius
451 3131 483 3196 (ie
491 3129 567 3196 pnite)
580 3133 652 3178 tomo
663 3131 746 3178 doetua
756 3141 781 3178 et
793 3148 878 3195 perun
933 3143 957 3178 et
968 3134 1086 3192 optumati
1096 3132 1347 3197 etpopulari‚eonluaa
1355 3133 1448 3180 modice
1456 3154 1477 3181 n.

332 3205 405 3250 banus
427 3203 504 3250 «linare
522 3203 624 3260 nolebat,
644 3219 672 3250 aa
695 3221 747 3265 qaue
766 3205 880 3251 scriberet
965 3207 1049 3253 Souis.
1065 3204 1201 3268 decttpn
1213 3223 1267 3268 gan.
1282 3221 1326 3260 nr..
1339 3213 1379 3250 t.=
1395 3227 1407 3246 ι
1420 3207 1480 3252 Suua

334 3291 412 3338 neque
426 3291 451 3322 ae
465 3277 495 3321 ab
507 3275 672 3322 indoctissimla
682 3291 760 3338 neque
770 3293 783 3320 a
796 3277 882 3322 doctia·
936 3285 972 3321 eat
986 3275 1071 3337 cuique
1087 3286 1164 3322 eertua
1174 3293 1244 3323 aonua
1256 3287 1280 3322 et
1291 3276 1396 3338 quadam
1411 3277 1479 3322 intel·

334 3349 400 3397 simia
411 3349 458 3412 legi
469 3347 538 3406 aelle,
553 3349 618 3410 quod
631 3346 702 3395 altari
715 3347 774 3394 nibil
789 3349 881 3397 intelle·
934 3347 1065 3408 legentibus
1078 3357 1133 3395 nota
1145 3365 1196 3394 voa.
1212 3369 1223 3392 ι

334 3432 429 3484 gerent,
445 3421 514 3467 alteri
528 3421 581 3482 plna
602 3418 702 3468 iortnaae
727 3437 798 3484 quant
820 3423 879 3482 ipse,

338 3495 426 3557 dequo
441 3493 512 3541 etiam
537 3493 652 3554 scripsit:
678 3511 689 3536 a
710 3494 814 3540 l‘eraiurn
834 3509 881 3538 non

336 3581 393 3614 eura
406 3566 485 3630 legere
500 3584 521 3610 ι.
535 3565 577 3611 llic
587 3562 631 3610 init
644 3565 714 3621 enim.
726 3576 751 3612 ut
761 3580 880 3620 curamus,

338 3639 440 3683 onmium
454 3637 502 3682 lere
514 3648 648 3682 noatromm
662 3637 781 3682 bominum
797 3636 881 3682 doctis*

323 3709 419 3770 kaimus.
438 3727 448 3748 a
462 3705 510 3762 Gi..
523 3708 551 3752 da
563 3705 653 3763 Fient..
665 3710 684 3762 l,
698 3713 721 3762 ³,
736 3712 797 3755 7.-
809 3707 881 3754 bitte-

320 3790 324 3797 ’
337 3789 397 3840 rato.
413 3779 526 3839 Sueten,
536 3777 566 3823 da
579 3777 617 3823 itt.
629 3794 741 3840 gramm..
756 3784 768 3823 4
780 3796 786 3824 ι
806 3798 817 3820 ι
834 3779 881 3828 Lit-

324 3899 326 3902 ,
340 3861 428 3898 terntoa
443 3850 539 3912 quitlern
552 3849 623 3912 vulgo
635 3849 750 3911 appellari
763 3849 795 3895 ait
810 3849 879 3914 (Cor-

338 3921 416 3970 nelius
434 3920 522 3985 Nepos)
541 3938 583 3968 eoa
595 3922 635 3984 qui
652 3921 743 3983 aliquid
753 3921 881 3985 diligenter

339 4004 364 4042 et
388 4005 454 4041 aeute
469 3994 617 4056 acienterque
642 3993 732 4057 puaaint
751 4005 790 4040 aut
803 3995 880 4042 dicere

338 4077 378 4112 aut
392 4068 502 4114 seribere.
518 4087 529 4110 ι

338 4153 340 4160 ⁴
372 4145 424 4186 tuo.
441 4141 476 4185 Da
496 4137 629 4202 tainjorilaa.
649 4139 684 4186 ct.
701 4153 743 4199 pro
759 4138 839 4196 nata,
857 4147 880 4193 s.

341 4218 365 4256 tt
386 4211 513 4257 :aladini
527 4211 570 4256 boe
586 4211 616 4256 tle
631 4221 729 4270 parente
742 4225 796 4254 meo
812 4212 882 4266 agdo

339 4282 406 4344 ssep..
422 4282 455 4334 ll.
470 4289 507 4336 ts,
517 4287 546 4326 tt
560 4297 566 4324 ε
582 4281 666 4340 aSnpc
680 4281 724 4326 boe
738 4281 768 4326 de
783 4282 881 4342 majori-

325 4401 327 4408 ,
339 4353 382 4400 bua
391 4351 528 4398 andivimus.
545 4371 556 4393 ι

325 4455 328 4468 .
368 4423 558 4485 Mediocrttm‚§
575 4428 612 4468 04.

344 4536 346 4540 ,
372 4497 486 4559 Consano,
504 4495 599 4556 protluit
619 4497 689 4540 d'une
710 4493 879 4548 eoartbinaiaon.

326 4571 430 4631 ¹elinque
442 4569 615 4614 eollrsborateua
629 4575 755 4628 apportant
771 4581 801 4612 un
816 4581 880 4612 anor·

327 4657 395 4696 ,aean
408 4656 468 4702 poue
478 4640 499 4686 le
513 4639 589 4686 milet
599 4654 653 4685 aree
668 4653 725 4684 eeua
739 4638 781 4684 dea
792 4648 879 4689 autres.

342 4713 379 4761 Cl.
401 4711 542 4774 danaprin,
556 4713 586 4776 ll,
608 4716 647 4774 2³,
663 4716 688 4756 tt
707 4727 713 4756 ι
734 4707 879 4774 aquabu-

331 4783 446 4850 ¹ptultlien)
469 4801 496 4846 Ιεκ
511 4782 583 4844 tribua
595 4782 722 4846 generibua
734 4781 789 4840 illia,
805 4781 880 4844 regali

961 3419 1075 3487 1ᾸΙηισὶιιο
1088 3421 1236 3481 Maratheno,
1250 3421 1390 3470 Minilaade
1399 3424 1477 3470 blara·

935 3495 988 3546 tboa
997 3491 1136 3558 (themate),
1149 3494 1245 3540 rltiteur
1253 3511 1308 3556 gree
1317 3495 1358 3556 qui
1369 3495 1431 3542 avait
1440 3495 1478 3542 ite

935 3566 957 3611 le
972 3571 1056 3611 mettre
1077 3567 1120 3612 alea
1137 3569 1266 3628 Graequea,
1288 3565 1345 3611 ainsi
1368 3583 1414 3628 que
1441 3565 1478 3630 (de

935 3635 1025 3698 ceteris)
1040 3636 1062 3682 le
1077 3636 1174 3683 rbiteur
1185 3637 1309 3696 Diophane
1323 3638 1354 3682 tle
1364 3637 1478 3698 Mitylene

935 3719 959 3753 et
974 3709 996 3752 la
1009 3707 1150 3769 pbilosopbe
1163 3708 1267 3754 llloaaioa
1275 3708 1306 3755 tle
1316 3710 1400 3756 Cunaea
1412 3709 1477 3775 (etu-

936 3787 1029 3840 tarque‚
1042 3779 1077 3824 Ti.
1090 3780 1198 3834 Gracci..
1209 3778 1241 3843 Β).

966 3848 1104 3914 Oljceiaaet,
1116 3850 1224 3914 employia
1237 3851 1294 3897 ainsi
1307 3851 1479 3912 lriqaemment

935 3938 978 3983 par
990 3922 1088 3968 Cieiran
1110 3939 1199 3970 mantne
1217 3923 1287 3970 verba
1309 3921 1440 3970 intransitil'
1454 3935 1478 3970 et

935 3995 1035 4044 urende.
1105 4038 1107 4044 .

966 4065 1095 4113 Praeaertint
1115 4081 1176 4124 eam,
1198 4077 1266 4114 outre
1291 4083 1337 4129 que
1359 4068 1392 4113 lea
1416 4067 1478 4113 alena

935 4137 1074 4199 bypatbiaea
1083 4149 1136 4184 aunt
1145 4153 1191 4200 pen
1204 4139 1404 4194 vraiaemntsbtes,
1421 4139 1478 4184 elles

934 4221 987 4255 aont
998 4209 1412 4274 tnuaite·,e'taaedonnesar10mqu,
1428 4219 1475 4256 ete.

965 4281 1083 4341 Eiiaguia.
1107 4281 1198 4338 Tacite,
1220 4281 1287 4329 Diui.
1309 4281 1333 4328 d.
1358 4297 1403 4335 ον..
1428 4289 1476 4327 aa:

936 4372 947 4394 ι
958 4354 1048 4398 blatum
1061 4362 1085 4397 et
1095 4351 1219 4414 elinguem.
1236 4373 1247 4394 ι

967 4423 1112 4472 Tribanntaa.
1123 4423 1222 4470 ciceron
1230 4424 1291 4470 croit
1301 4423 1365 4469 aruir
1374 4424 1477 4469 entendu

934 4494 985 4539 «tire
995 4496 1146 4554 queFanniua
1154 4492 1189 4540 lut
1199 4495 1279 4540 tribua
1292 4509 1344 4540 soua
1354 4495 1374 4538 la
1383 4509 1478 4540 censure

934 4567 964 4612 de
976 4565 1071 4627 Scipion
1090 4567 1192 4613 Emilien
1206 4568 1272 4614 etde
1292 4569 1318 4616 b.
1341 4566 1478 4622 Mummius,

934 4637 1081 4683 eun-t-dtre
1103 4653 1154 4684 vera
1179 4645 1219 4684 444
1239 4639 1287 4700 (od.
1312 4637 1397 4694 Arate..
1415 4637 1478 4692 llll.

922 4715 982 4764 ,tta
997 4707 1029 4772 2).
1042 4712 1073 4760 La
1086 4709 1140 4756 date
1155 4718 1190 4756 eat
1204 4710 1340 4756 ineanniue.

966 4782 1042 4829 Alter.
1054 4782 1113 4836 Vola
1127 4782 1146 4827 la
1166 4792 1221 4829 note
1231 4783 1262 4838 du
1277 4781 1342 4846 stt.
