3586 5766
670 745 856 823 usurus,
880 747 934 814 vr.
957 747 1011 818 rr,
1034 746 1089 806 es.
1409 749 1447 812 ts

306 877 458 948 studioso
477 881 562 948 neci.
581 877 708 950 Dicere
726 877 816 950 enim
836 881 924 951 bene
941 905 1043 952 nemo
1064 891 1187 974 polest,
1210 879 1272 950 nisi
1288 879 1347 975 qui
1363 907 1448 978 pru-

306 991 428 1062 denter
458 990 637 1088 intellegit.
656 995 773 1083 Quare
793 993 851 1088 qui
871 994 1075 1090 eloquentia)
1095 1019 1187 1064 verae
1210 993 1268 1064 dat
1291 1021 1445 1091 operam,

306 1106 364 1176 dat
390 1106 594 1202 prudentiae,
625 1133 692 1203 qua
721 1133 764 1180 nc
789 1108 943 1179 inaximis
982 1109 1123 1205 quidem
1150 1109 1186 1178 in
1215 1109 1312 1180 bellis
1349 1135 1448 1207 aequo

306 1221 418 1293 auimo
445 1247 563 1295 carere
601 1223 782 1320 quisquam
812 1237 936 1320 potest.
971 1230 1035 1316 [rt]
1075 1225 1257 1312 Praeclare,
1293 1225 1444 1324 inquam,

306 1341 422 1424 Brute,
443 1337 528 1409 dicis
548 1365 659 1436 eoque
679 1339 788 1438 magis
806 1340 867 1411 ista
888 1339 1027 1412 dicendi
1048 1339 1149 1412 laude
1172 1339 1338 1428 delector,
1354 1341 1447 1439 quod

305 1469 430 1542 cetera,
452 1482 528 1553 qum
551 1471 630 1527 sunt
649 1456 824 1553 quondam
845 1455 959 1529 lrabita
984 1457 1019 1528 in
1040 1455 1178 1528 civitate
1198 1457 1443 1554 pulcherrima,

304 1597 405 1643 nemo
421 1586 471 1643 est
496 1587 563 1643 tam
593 1571 731 1644 humilis
757 1573 877 1670 quise
907 1600 977 1645 non
1005 1589 1063 1646 aut
1090 1599 1189 1670 posse
1218 1574 1360 1672 adipisci
1389 1589 1448 1647 aut

304 1686 466 1783 adeptum
486 1704 584 1785 putet
611 1717 618 1758 :
654 1690 873 1786 eloquentem
901 1690 1074 1762 neminem
1102 1689 1204 1763 video
1225 1691 1354 1763 sactum
1372 1719 1445 1765 csse

304 1803 459 1875 victoria.
491 1806 558 1876 Sed
583 1832 652 1902 quo
681 1805 815 1878 facilius
847 1832 961 1880 sermo
995 1807 1199 1903 explicetur,
1227 1807 1398 1896 sedentes,
1419 1809 1446 1880 si

304 1918 451 2008 videtur,
470 1947 621 2019 agamus.
644 1925 731 1992 Cum
751 1921 842 1994 idem
861 1923 1043 2018 placuisset
1061 1923 1141 2011 illis,
1163 1938 1235 1992 tum
1255 1923 1290 1994 in
1311 1925 1446 2021 pratulo

304 2051 445 2131 propter
462 2038 612 2109 Platonis
631 2053 775 2109 statuam
797 2039 1027 2110 consedimus.

351 2144 414 2228 [²5]
435 2153 501 2222 Hic
519 2177 584 2249 ego
607 2179 614 2220 ε
637 2153 797 2225 Laudare
815 2154 921 2249 igitur
940 2135 1171 2250 eloquentiam
1197 2170 1232 2228 et
1251 2168 1377 2250 quanta
1398 2155 1447 2226 vis

302 2269 345 2340 sit
369 2270 447 2364 ejus·
471 2292 674 2363 expromere
698 2282 931 2364 quantamque
962 2267 1016 2354 r'is,
1045 2270 1104 2364 qui
1126 2268 1195 2340 sint
1222 2295 1297 2340 com
1324 2295 1447 2340 conse-

302 2385 385 2471 cuti,
409 2382 610 2480 dignitatem
638 2385 914 2479 allerat,·neque
943 2383 1157 2479 propositum
1180 2383 1279 2454 nobis
1306 2399 1356 2456 ost
1381 2384 1447 2455 boc

303 2503 378 2572 loco
401 2525 514 2598 neque
542 2498 786 2571 necessarium.
816 2502 892 2570 Hoc
915 2526 998 2572 voro
1025 2499 1099 2572 sine
1128 2500 1196 2571 ulla
1233 2499 1447 2572 dubitatione

332 2703 472 2749 Vsnrssrss
482 2713 488 2744 r
500 2703 538 2744 2³.
554 2696 693 2744 studiosum.
709 2699 740 2744 m
756 2699 785 2754 b,
803 2695 907 2744 studioso
920 2695 997 2744 0¹⁶1.
1011 2725 1043 2734 -
1059 2713 1116 2744 nere
1137 2700 1166 2745 1..
1179 2723 1211 2734 -
1228 2703 1266 2744 rt.
1286 2697 1446 2760 pulcherrime

304 2775 323 2821 F
332 2775 392 2822 OG.
410 2797 441 2808 -
459 2777 497 2819 26.
512 2767 601 2816 lsudsri
616 2771 636 2816 1.
649 2767 693 2831 (11¹
705 2768 786 2835 corn).
799 2795 831 2806 -
847 2769 883 2814 lris
895 2772 924 2816 1..
939 2795 971 2804 -
988 2773 1105 2817 suntBll
1115 2773 1152 2818 Μ,

333 2848 381 2892 NG.
396 2841 550 2892 sarrano
563 2841 618 2899 mei,
627 2840 761 2888 correction
773 2842 802 2888 de
810 2843 931 2906 Mergrsll]
947 2840 1050 2904 sdoptbe
1062 2857 1108 2904 per
1116 2858 1218 2904 presque
1231 2852 1283 2890 tous
1292 2841 1327 2889 les
1341 2841 1446 2890 iditeurs

303 2915 401 2970 rleents,
414 2925 450 2961 est
470 2929 497 2960 ee
517 2913 557 2974 qni
572 2928 596 2959 ss
614 2913 745 2975 rnpprnebe
757 2913 778 2958 le
790 2914 843 2974 plus
859 2915 890 2960 de
902 2913 923 2957 ls
937 2913 1005 2972 leqou
1021 2913 1051 2960 de
1070 2915 1098 2960 b.
1113 2913 1224 2960 l’rolrnsel
1244 2915 1378 2973 conjecture
1392 2925 1443 2961 stu·

300 2987 398 3032 diescet
411 2986 508 3042 dicerem
531 2983 622 3030 Piderit
639 2982 740 3030 studioso
765 2993 788 3028 et
809 2982 925 3046 diligenti
938 2983 1032 3029 dicendi
1051 2983 1178 3046 isingr'etrn3
1197 2985 1316 3031 Friedrich
1333 2996 1443 3032 tnnrsrn-

300 3058 389 3104 diorum
407 3067 431 3102 et
448 3055 603 3101 exerciturum
620 3052 733 3100 audienti.
761 3057 792 3101 Ln
814 3055 909 3116 plupsrt
932 3055 974 3100 des
995 3054 1120 3101 aneiennes
1143 3055 1246 3101 illisione
1269 3065 1311 3102 ont
1330 3058 1442 3102 studioso.

301 3127 392 3176 Etenim
404 3127 490 3172 dicere.
501 3151 533 3162 -
547 3133 584 3171 π.
602 3128 673 3171 Peter
688 3141 693 3170 ε
708 3123 856 3188 exprimeres
874 3127 974 3186 Kayser,
990 3125 1082 3188 d'spris
1099 3125 1173 3184 llslse,
1185 3141 1308 3187 exponere,
1329 3127 1396 3188 leqon
1414 3128 1444 3174 de

301 3215 346 3246 mss
358 3197 488 3246 iniierieurs.

331 3359 438 3409 Studiose
455 3357 508 3406 mei.
525 3357 562 3408 Cl'.
574 3373 617 3422 prs
634 3358 699 3415 Mil„
715 3365 738 3412 o,
756 3365 781 3404 tt
794 3373 801 3414 ς
812 3356 846 3402 ad
899 3357 998 3404 nombre
1011 3357 1080 3405 doire
1094 3367 1146 3404 tout
1160 3356 1267 3416 dicider,
1283 3359 1304 3406 le
1317 3359 1444 3422 pudentia

301 3435 388 3496 Attin,
408 3433 451 3485 lll,
470 3437 508 3486 2²,
524 3436 553 3486 η
573 3430 606 3476 ad
625 3432 655 3492 Q.
668 3431 721 3492 se..
739 3431 759 3482 l.
777 3437 802 3486 tt,
820 3435 844 3478 9.
898 3441 976 3476 utun
992 3429 1082 3478 iseteur
1096 3431 1237 3492 importent.

301 3503 400 3552 ciceron
420 3501 504 3549 suimit
523 3502 554 3549 de
575 3500 630 3563 pris
650 3503 685 3548 les
709 3501 792 3549 &tudes
813 3501 844 3547 de

301 3579 385 3622 Brutus
394 3584 419 3620 et
433 3571 556 3620 elrerrbsit
568 3575 579 3616 ir
593 3573 627 3619 les
642 3573 741 3634 dirigor.

331 3645 400 3691 Errim
423 3643 535 3705 euplique
547 3643 657 3692 delectus.
672 3643 695 3690 Si
720 3645 804 3690 brutus
817 3658 842 3688 se

302 3717 359 3778 plait
372 3719 383 3760 ir
395 3731 432 3762 ses
440 3714 557 3760 exereiees
571 3713 696 3776 protelem,
707 3713 763 3758 e'est
774 3713 843 3775 qn'ils

300 3785 332 3830 lui
345 3785 444 3830 irretirent
452 3783 542 3842 l'enprit
556 3793 580 3829 et
596 3783 761 3828 l’lrnbitnent's
778 3797 843 3842 pcn-

300 3869 397 3900 serssee
406 3853 506 3907 uerrere,
513 3853 613 3912 justesse
621 3863 645 3897 et
653 3851 779 3914 precision,
786 3866 842 3912 qim·

300 3923 353 3970 litis
363 3923 403 3985 qui
416 3925 560 3969 constituent
582 3921 602 3968 ls
618 3921 747 3986 prudentie
761 3921 841 3983 etqui

300 4005 351 4042 sont
370 3995 476 4056 toujours
492 3993 571 4051 utiles,
583 3994 641 4040 dens
657 4004 735 4040 tontes
748 3993 780 4038 les
796 3991 843 4039 eir·

299 4077 434 4114 eonstsnees
445 4066 475 4112 de
488 4067 510 4112 ln
523 4065 569 4116 vie.

330 4137 383 4186 rl'iei
399 4137 441 4204 qui
462 4138 586 4200 prudenter
607 4136 735 4201 intellegit.
757 4134 794 4184 Cl.
813 4135 842 4182 de

301 4216 379 4266 Oret..
396 4213 415 4268 l,
430 4217 467 4264 tt,
485 4216 513 4256 ln
529 4227 534 4256 ι
551 4229 562 4252 ι
579 4209 673 4256 dicendi
689 4209 752 4256 enirn
768 4209 841 4255 virtus

299 4284 341 4331 nisi
353 4283 374 4331 ei
386 4282 427 4346 qui
442 4282 499 4329 dicit
518 4297 543 4328 es
562 4282 591 4328 de
607 4281 692 4345 quibus
708 4280 767 4328 dieit
779 4292 838 4341 per-

299 4365 367 4416 eepts
377 4355 432 4407 sint,
445 4363 536 4399 esstsre
548 4362 679 4413 conpotest
695 4371 718 4406 ι,
731 4349 785 4397 idire
794 4365 840 4411 que

299 4424 395 4472 Ciciron
418 4424 509 4472 re'sume
537 4424 589 4483 plus
616 4423 663 4469 loin
687 4439 729 4484 per
751 4421 773 4468 le
792 4432 841 4467 mot

297 4497 418 4559 prudenter
429 4493 466 4556 (de
479 4497 556 4552 Orac,
571 4497 592 4549 l,
602 4501 638 4551 to,
650 4493 697 4558 el).

330 4571 406 4625 Vere,
427 4584 471 4630 prr
491 4565 627 4629 opposition
654 4569 665 4612 's
691 4565 840 4630 l'eloquenee

299 4640 351 4688 vide
366 4639 408 4688 des
421 4639 529 4687 rbbteurs
543 4640 574 4686 de
583 4637 725 4700 profession.

329 4715 359 4760 In
383 4709 494 4758 menimis
519 4709 597 4758 tellis.
615 4710 694 4758 bieme
722 4712 780 4757 dens
808 4711 841 4758 les

300 4799 394 4848 guerres
411 4782 452 4846 qui
472 4791 574 4830 metteut
596 4799 626 4830 en
646 4793 796 4830 mourenrent
810 4783 840 4829 de

301 4856 400 4920 grandes
414 4852 505 4900 armies
524 4864 548 4900 et
568 4855 598 4900 οὺ
616 4853 632 4898 il
651 4853 739 4900 semble
759 4869 805 4917 que
820 4855 842 4901 le

929 3505 1005 3566 AEqrsn
1017 3501 1103 3559 enimn,
1118 3503 1155 3549 s'il
1166 3513 1200 3550 est
1215 3504 1245 3552 rle
1256 3505 1303 3552 bon
1312 3521 1373 3552 sens.

929 3579 968 3620 2⁴.
990 3573 1101 3621 llrsrlsilis.
1124 3574 1231 3622 Allusion
1257 3593 1302 3622 srrx
1324 3577 1447 3626 creatores

897 3644 927 3689 de
943 3643 1024 3700 Cicer,
1033 3661 1077 3690 sus
1088 3643 1191 3691 olbriers
1202 3655 1227 3691 et
1238 3663 1282 3692 sus
1291 3647 1444 3708 prorineisux

897 3730 944 3774 que
958 3715 979 3762 le
994 3715 1110 3761 ‹lietsteur
1125 3715 1188 3761 erait
1203 3715 1300 3778 appetis
1320 3734 1364 3765 sus
1380 3720 1446 3766 eber·

896 3800 937 3842 pes
959 3784 1086 3845 prrlsliqnes
1109 3801 1141 3829 nu
1167 3784 1212 3831 init
1234 3795 1315 3832 entrer
1341 3790 1400 3833 dens
1422 3791 1444 3836 le

896 3851 972 3900 sinat.

927 3921 1042 3970 Plutonis.
1058 3927 1116 3970 Vers
1129 3922 1149 3968 ln
1165 3923 1195 3970 lin
1210 3925 1242 3971 de
1254 3924 1275 3970 la
1292 3923 1442 3988 republiqne,

896 3993 918 4038 ls
946 3994 1017 4040 mode
1038 4009 1175 4044 eommenes
1206 3995 1218 4039 ir
1241 4010 1265 4041 ss
1294 3994 1443 4057 reipsndrei

896 4067 969 4111 Rome
989 4065 1080 4112 d'rtroir
1105 4065 1163 4111 dens
1182 4064 1216 4112 les
1235 4065 1379 4115 lrnbitstions
1398 4070 1442 4116 des

896 4137 976 4184 bustes
995 4138 1090 4184 ‹su'des
1110 4147 1199 4184 statues
1219 4138 1385 4200 represserunt
1407 4142 1442 4188 les

896 4210 948 4270 plus
962 4208 1067 4257 celebres
1082 4207 1195 4256 e'erirsins
1203 4209 1233 4256 de
1248 4211 1269 4257 br
1282 4211 1368 4270 Grisee,
1379 4229 1441 4276 sym·

896 4281 963 4329 boles
982 4282 1023 4328 des
1034 4285 1105 4345 gortts
1123 4282 1155 4328 do
1174 4281 1343 4345 propriissire.
1364 4285 1397 4332 En
1415 4301 1441 4332 se

896 4361 997 4399 rnettsnt
1011 4351 1041 4398 iei
1052 4367 1144 4398 eamme
1159 4367 1213 4398 sous
1226 4352 1248 4398 le
1264 4364 1395 4418 patrnnsge
1407 4357 1439 4402 de

895 4423 990 4480 Pluton,
1012 4421 1112 4471 Ciciron
1129 4423 1228 4485 indique
1247 4424 1305 4487 qu'il
1320 4441 1332 4472 s
1348 4425 1369 4471 le
1382 4426 1439 4488 pre-

896 4493 988 4542 teution
1007 4495 1036 4541 de
1056 4509 1182 4556 composer
1198 4511 1244 4541 uns
1262 4495 1330 4558 lsqon
1345 4497 1374 4544 de
1386 4499 1438 4544 din·

896 4565 968 4628 logne
982 4565 1137 4627 pletonieien.
1152 4583 1153 4586 ¹

927 4645 965 4684 rs.
984 4639 1099 4684 medere.
1117 4637 1154 4686 ct.
1174 4637 1202 4682 da
1220 4640 1299 4694 orae..
1317 4640 1337 4696 t,
1355 4649 1379 4701 s,
1399 4647 1438 4688 st.

925 4711 1014 4774 Igitur.
1028 4709 1066 4758 cl.
1079 4710 1094 4774 5
1108 4717 1147 4758 st.

926 4785 1074 4845 Exprcmere.
1087 4783 1124 4833 cl.
1142 4786 1235 4848 (bam,
1251 4792 1290 4840 δῦ,
1309 4792 1350 4831 tto
1365 4803 1371 4831 s
1388 4805 1400 4827 ι
1415 4785 1439 4832 in

896 4869 942 4917 qus
954 4855 987 4902 ris
1001 4855 1141 4918 eloquentie
1157 4856 1230 4918 possit
1246 4857 1353 4918 expromi
1367 4877 1394 4904 ι..
