3586 5766
616 771 801 841 nautum
829 773 925 840 xm,
947 773 996 842 50,
1019 772 1068 831 ttt.
1375 771 1414 832 33

272 905 378 991 vides,
402 904 444 974 ad
471 919 668 976 nostrorum
698 903 871 976 annalium
900 904 1068 976 rationem
1096 919 1242 991 veteres,
1261 903 1304 974 ad
1324 905 1412 1000 ipso·

271 1047 346 1090 ram
378 1045 458 1091 sane
490 1035 658 1090 recentes.
686 1021 774 1088 Nam
799 1034 877 1089 ante
906 1044 1008 1113 quam
1034 1017 1201 1088 delectata
1230 1034 1282 1090 est
1304 1019 1414 1090 lltlre-

271 1134 439 1206 niensium
468 1133 586 1206 civitas
619 1134 683 1204 hac
713 1133 813 1204 laude
844 1133 996 1220 dicendi,
1023 1134 1129 1204 inulta
1148 1135 1217 1228 jum
1247 1161 1414 1206 memora·

272 1250 349 1320 bilia
367 1265 400 1322 et
430 1251 463 1320 in
494 1248 692 1320 domesticis
723 1263 758 1319 et
781 1248 817 1318 in
843 1248 975 1320 bellicis
1008 1250 1110 1320 rebus
1142 1253 1316 1322 ellecerat.
1339 1253 1414 1322 Hoc

270 1383 382 1438 autem
398 1365 548 1436 studium
570 1391 640 1438 non
660 1380 734 1436 erat
755 1389 939 1436 commune
963 1364 1120 1450 Graeciae,
1143 1365 1202 1437 sed
1234 1366 1413 1464 proprium

270 1483 494 1555 Athenarum.
514 1489 578 1574 [50]
598 1482 684 1574 Quis
702 1481 794 1552 enim
814 1494 873 1550 aut
888 1480 1054 1578 Argivum
1072 1497 1246 1554 oratorem
1265 1497 1324 1554 aut
1343 1487 1415 1556 Co-

271 1599 434 1670 rinthium
459 1615 518 1669 aut
541 1599 745 1671 Thebanum
772 1597 837 1668 scit
865 1596 969 1668 luisse
1000 1596 1213 1694 temporibus
1240 1599 1332 1671 illis?
1351 1599 1413 1672 nisi

269 1717 352 1814 quid
372 1717 415 1788 de
442 1714 680 1813 Epaminonda
707 1715 812 1785 docto
833 1712 973 1785 lromine
998 1714 1162 1812 suspicari
1182 1715 1277 1788 libet.
1307 1719 1412 1789 Lace·

269 1833 476 1905 daemonium
494 1858 576 1906 vero
598 1858 707 1928 usque
729 1829 859 1901 adhoc
889 1845 1022 1927 tempus
1042 1831 1158 1902 audivi
1179 1832 1284 1906 luisse
1307 1834 1414 1906 nemi·

268 1975 361 2022 nem.
371 1951 569 2022 Menelaum
579 1949 690 2046 ipsum
699 1948 837 2019 dulcem
849 1946 944 2017 illum
957 1947 1097 2044 quidem
1110 1948 1213 2019 tradit
1225 1953 1411 2036 Homerus,

267 2066 327 2138 sed
352 2093 460 2164 pauca
481 2066 667 2138 dicentem.
690 2064 843 2136 Brevitas
876 2079 990 2135 autem
1016 2064 1088 2136 laus
1108 2077 1159 2140 est
1180 2065 1355 2138 interdum
1379 2067 1414 2137 in

268 2184 380 2278 aliqua
410 2199 505 2280 parte
527 2182 678 2267 dicendi,
715 2180 749 2250 in
774 2179 933 2251 universa
963 2180 1159 2276 eloquentia
1182 2181 1317 2252 laudem
1341 2207 1413 2251 non

269 2299 382 2370 habet.
404 2295 464 2380 [5¹]
481 2303 524 2368 At
550 2324 633 2370 vero
658 2311 751 2367 extra
785 2295 955 2366 Graeciam
987 2321 1109 2391 magna
1136 2295 1275 2367 dicendi
1302 2297 1415 2368 studia

268 2414 409 2486 suerunt
418 2413 627 2509 maximique
646 2411 727 2482 lmic
743 2410 834 2482 lamli
852 2409 958 2480 habiti
975 2409 1125 2482 honores
1144 2409 1276 2482 illustre
1294 2427 1413 2485 orato-

269 2557 343 2601 rum
371 2557 497 2604 nomen
526 2529 766 2601 reddiderunt.
811 2529 898 2597 Nam
926 2542 964 2597 ut
990 2527 1095 2600 semel
1125 2553 1143 2599 e
1176 2527 1307 2600 Piraeoo
1338 2529 1414 2602 elo·

268 2649 406 2747 quentia
445 2662 562 2720 evecta
600 2661 663 2732 ost,
697 2669 817 2716 omnes
847 2643 1045 2741 peragravit
1072 2643 1200 2716 insulas
1234 2660 1337 2742 atque
1367 2647 1413 2718 ita

268 2766 484 2864 peregrinata
500 2779 570 2837 tota
590 2763 667 2835 Asia
687 2775 750 2848 est,
773 2776 811 2832 ut
828 2786 864 2832 se
894 2760 1043 2832 externis
1063 2759 1238 2833 oblineret
1257 2761 1412 2834 moribus

267 2908 474 2980 omnemque
509 2881 601 2951 illam
634 2878 867 2950 salubritatem
893 2875 1012 2947 Atticae
1045 2875 1206 2948 dictionis
1240 2891 1273 2949 et
1308 2878 1405 2975 quasi

298 3070 452 3114 l'aataaree:
467 3068 534 3121 xm,
547 3074 583 3112 nu.
597 3039 653 3113 niet
666 3069 695 3116 F.
711 3065 769 3110 libet
785 3063 885 3116 0.lobot
897 3078 918 3106 r.
930 3087 961 3097 -
974 3067 1011 3106 nt.
1025 3059 1146 3107 emineret
1161 3064 1190 3118 0,
1207 3059 1328 3122 optineret
1341 3078 1361 3107 r.

296 3139 344 3186 ΝΟ.
365 3145 402 3184 ot.
418 3136 612 3200 oblineretnnlg.

296 3300 335 3348 Ad
351 3311 477 3348 rrmtrornm
491 3301 612 3348 annalium
628 3301 750 3348 rationem.
768 3302 805 3351 Gi.
896 3314 1018 3368 mmm,
1031 3311 1075 3366 11q
1089 3311 1135 3368 m,
1152 3317 1198 3358 m
1217 3323 1242 3362 ῃ
1253 3312 1333 3360 „uim
1353 3311 1408 3377 ἤτω

262 3373 422 3436 Quom

296 3445 419 3510 Propriam
430 3445 582 3494 Athenarum.
589 3447 694 3494 Velleius
703 3451 804 3502 aaron..

265 3517 285 3572 l.
303 3524 329 3562 m
346 3535 351 3562 :
366 3537 378 3560 ιι
397 3519 447 3566 Um
461 3518 515 3564 urbe
530 3518 600 3564 attice
616 3519 721 3580 pluribun
739 3521 804 3566 annia

264 3587 397 3649 eloquentia
413 3602 482 3650 quiam
507 3589 612 3634 univerae
635 3589 722 3638 Grneia
742 3605 804 3650 npe-

265 3660 374 3719 rilmerpae
385 3659 492 3706 iloruit...
510 3676 586 3721 aeque
609 3661 652 3706 ime
669 3677 715 3720 rga
730 3661 803 3720 anapia

266 3729 361 3774 miretur
379 3729 431 3782 eim,
450 3745 521 3788 qraana
543 3729 659 3774 neminem
681 3730 802 3789 tegimur.

262 3799 406 3853 tincturum,
421 3801 617 3846 leredrrrnonium
631 3811 750 3845 «aratorem
763 3809 802 3846 am

262 3870 315 3914 rlnrn
331 3869 388 3914 vixit
410 3868 551 3916 atretoritete
566 3880 606 3915 eut
625 3879 681 3932 prm
699 3881 802 3928 rnrartem

262 3939 355 4002 dignum
367 3939 478 3986 memoria
490 3940 659 3989 exietimatmn.
672 3960 683 3982 ι

292 4018 330 4058 to.
342 4011 399 4072 (hie
410 4011 479 4058 enim.
494 4012 585 4070 Tacite,
596 4012 663 4060 nint.
678 4013 707 4058 de
722 4015 802 4064 Orat..

262 4089 291 4130 to
309 4099 315 4128 t
334 4105 345 4125 ι
360 4085 436 4141 Quem
456 4095 575 4131 amtorem
588 4083 802 4140 badomarium,

262 4171 328 4214 quarm
351 4156 488 4202 Cretensem
515 4156 695 4215 aeeepimm?...
714 4157 802 4203 lllrodii

263 4225 801 4287 qaid1m‚plorimiAtlrenienteeexttiternm.»

292 4296 420 4360 superari,
444 4297 633 4354 indirectement‚
650 4298 745 4358 d'rprie
762 4299 804 4344 dea

262 4367 429 4431 temoignaget.
446 4368 571 4431 puioqu'on
586 4371 622 4415 n'a
634 4371 663 4416 de
679 4370 711 4416 lui
727 4386 802 4416 aneon

261 4439 371 4484 discours.
379 4439 499 4486 Cornelius
508 4442 698 4503 ttepadtpam„
709 4448 722 4488 ⁶
733 4455 739 4489 :
751 4441 802 4488 linit

262 4510 333 4556 etiam
362 4509 471 4563 disertus.
502 4521 528 4556 ut
548 4528 617 4559 neam
636 4511 658 4557 ei
677 4513 803 4559 Thebanae

263 4592 375 4642 pererret
391 4579 538 4644 eloquentie.
556 4599 632 4645 neque
647 4583 722 4630 minue
745 4601 803 4632 eon·

261 4653 342 4700 cinam
353 4653 377 4700 in
394 4653 509 4700 brevitate
522 4655 680 4715 respondendi
694 4672 764 4717 qaino
778 4657 802 4704 ia

262 4734 372 4787 petpeum
394 4725 502 4780 aratione
521 4737 625 4774 ornator.
647 4729 801 4789 natumque

261 4795 342 4860 (rm.
368 4796 448 4860 polin,
473 4797 512 4863 26)
539 4797 575 4846 dit
602 4799 802 4862 d'Epeminondn

262 4869 317 4931 qu'it
332 4869 390 4917 imit
400 4868 537 4936 ῥητορικός.

332 4987 439 5022 ΒΙΠΤῙΙΙ.

863 3381 905 3448 μὲν
937 3381 1062 3442 linitae(
1091 3383 1257 3450 ἐπιτροχάδην
1279 3385 1406 3452 triptota.

860 3457 946 3517 παῦρα
966 3455 1019 3519 μιν,
1035 3451 1100 3506 tut
1112 3453 1180 3520 pile
1197 3455 1295 3520 λιγέως.
1308 3458 1362 3510 inti
1375 3454 1405 3510 ori

859 3525 997 3589 πολὸμιιθος
1006 3525 1061 3578 οὐδ’
1068 3521 1271 3594 ἂραμαρτοιπῆς.
1282 3529 1318 3576 Ci.
1328 3532 1405 3588 Quie-

860 3597 905 3651 tit,
919 3598 973 3651 xn,
987 3603 1024 3653 tu,
1038 3602 1076 3642 tt.

890 3666 997 3716 Dirrmli.
1012 3667 1127 3713 enteadea
1145 3667 1268 3714 orationis.
1283 3669 1301 3714 ll
1319 3687 1404 3730 μου

857 3741 913 3782 nitet
927 3736 1043 3784 errtainee
1063 3737 1222 3798 praetitulant
1237 3755 1267 3783 ιιιι
1286 3741 1403 3798 ‹lintona-e,

858 3806 879 3850 Ιι
892 3807 996 3852 narratio
1015 3823 1057 3868 pm
1070 3807 1189 3868 exetnple.
1211 3810 1243 3853 oia
1258 3809 1280 3854 1ι
1305 3812 1405 3857 breritm

858 3887 893 3924 eut
910 3875 1090 3924 reeomnmmlie
1105 3893 1149 3937 par
1169 3879 1191 3924 le
1212 3876 1350 3943 rhitorirpte
1365 3880 1403 3946 (de

857 3951 936 4002 orm..
954 3949 982 4003 n.
996 3955 1036 4004 uo,
1051 3946 1115 4010 aar).

890 4026 929 4065 51.
958 4018 1046 4067 Pirene
1073 4020 1133 4066 n'ett
1162 4036 1203 4081 pre
1229 4021 1257 4068 ici
1280 4022 1403 4072 eon-iteri

857 4107 949 4136 comme
969 4107 998 4136 un
1023 4107 1079 4136 nona
1099 4091 1129 4136 de
1144 4091 1208 4146 ville,
1231 4093 1290 4140 meir
1302 4094 1401 4157 simple·

858 4171 923 4209 ment
935 4178 1027 4208 eornme
1038 4179 1067 4207 un
1080 4161 1149 4223 point
1163 4163 1400 4227 d'embarquement;

858 4234 888 4279 de
903 4233 923 4277 lit
939 4233 1042 4294 l'ernploi
1056 4233 1086 4279 de
1102 4235 1123 4279 t·
1141 4233 1298 4295 prriponitinn.
1308 4237 1367 4286 von
1378 4241 1400 4287 Ιι

856 4304 1008 4366 justificatior
1033 4305 1101 4366 qa'en
1125 4305 1205 4352 dianae
1232 4307 1331 4355 Cieiron
1354 4309 1401 4356 lni-

858 4375 976 4422 rndmerrd
987 4375 1071 4431 Attin,
1085 4377 1137 4432 Vll,
1153 4382 1175 4432 ³,
1191 4384 1228 4426 to.

891 4449 946 4492 Tota
958 4447 1018 4495 Asia
1030 4446 1144 4508 dqrriveut
1153 4449 1164 4491 ἰ
1172 4465 1215 4508 per
1225 4461 1298 4496 tetum
1307 4452 1400 4503 Aeriam.

857 4517 1413 4584 Riemann.syaaoee.§rrtr's‚aem.‚p.tm„

890 4587 1070 4636 salubritatem.
1085 4591 1179 4637 Orator.
1193 4598 1232 4650 tt,
1244 4599 1290 4639 ⁹0:
1304 4613 1315 4636 ι
1330 4597 1403 4653 Quie-

859 4659 917 4722 quid
932 4671 967 4707 eet
984 4661 1069 4708 ιιΙιιιιιι
1089 4672 1129 4708 aut
1144 4662 1238 4710 telubre
1257 4663 1281 4709 in
1294 4667 1402 4716 oratione

858 4731 881 4776 id
897 4731 992 4794 proprie
1010 4732 1143 4780 Atticorum
1157 4743 1200 4780 eet.
1219 4753 1231 4776 ιι
1244 4733 1281 4783 Cl.
1296 4753 1365 4784 suem
1380 4751 1402 4786 et

856 4804 954 4866 sanguia
982 4803 1128 4867 incorruptus
1154 4805 1177 4868 (5
1203 4805 1252 4869 ³⁰),
1277 4809 1403 4858 suniwtem

857 4874 954 4938 (ἓως
966 4875 994 4923 de
1008 4876 1095 4940 optim.
1108 4893 1175 4940 gem,
1193 4884 1217 4934 a.
1233 4877 1265 4944 a).
1283 4905 1315 4918 -
1330 4883 1405 4943 Quasi

1243 4979 1258 5030 3
