3734 5772
411 768 469 824 tat
713 767 911 833 utttt'rttss
935 767 1061 835 xutx.
1090 771 1159 829 tet,
1184 767 1252 824 182.

409 893 541 963 ordinis
555 895 600 984 Q.
622 895 826 982 Sertorium,
850 897 1018 991 equestris
1045 901 1086 964 C.
1110 896 1337 990 Gorgonium.
1360 899 1384 962 l?
1387 897 1435 962 uit
1454 895 1554 963 etium

410 1005 518 1076 socilis
538 1023 572 1078 et
592 1008 771 1104 expeditus
787 1008 830 1078 od
848 1007 1034 1080 dicendum
1050 1025 1084 1080 et
1100 1010 1177 1078 vitae
1197 1009 1381 1104 splendore
1397 1009 1502 1077 multo
1520 1022 1555 1076 et

408 1122 641 1220 ingeniosone
653 1124 821 1218 probabili
833 1127 875 1194 T.
886 1125 1008 1195 Junius
1019 1127 1124 1212 1..F.,
1140 1125 1357 1210 tribunicius,
1374 1149 1444 1220 quo
1455 1149 1553 1194 occu-

409 1255 505 1310 sante
525 1241 564 1310 P.
593 1239 728 1311 Sextius
746 1256 872 1337 praetor
896 1241 1092 1338 designatus
1114 1241 1292 1310 ‹lomnutus
1316 1256 1367 1312 est
1393 1239 1550 1310 ambitus.

407 1357 440 1426 Is
457 1356 678 1453 processisset
694 1356 885 1429 honoribus
900 1357 1048 1456 lougius,
1062 1357 1126 1427 nisi
1147 1382 1284 1453 semper
1301 1355 1434 1427 inlirmo
1452 1372 1555 1452 utque

408 1473 509 1544 etiam
529 1498 620 1572 tegra
637 1472 835 1546 valetudiue
853 1473 984 1545 suisset.

456 1591 582 1660 XLIX.
605 1595 689 1682 [tsi]
710 1594 823 1688 Atque
844 1617 909 1688 ego
928 1591 1092 1688 praeclure
1111 1591 1273 1690 intellego
1298 1616 1352 1662 me
1379 1591 1414 1662 iu
1434 1615 1553 1662 eorum

406 1705 736 1780 commemoratione
758 1708 897 1796 versari,
913 1709 971 1806 qui
992 1733 1057 1788 nec
1071 1708 1176 1779 habiti
1192 1709 1261 1779 sint
1271 1724 1425 1780 oratores
1440 1731 1553 1804 neque

405 1825 545 1914 suerint,
570 1826 809 1924 praeteririque
829 1851 847 1898 a
866 1851 920 1899 me
937 1825 1067 1924 aliquot
1084 1852 1124 1899 ex
1145 1827 1319 1900 veteribus
1346 1850 1551 1898 commemo·

404 1943 537 2016 ratione
569 1959 628 2015 out
653 1944 753 2016 leude
779 1943 903 2042 dignos
932 1971 940 2014 :
971 1945 1030 2017 sed
1058 1944 1125 2016 lroe
1151 1945 1291 2042 quidem
1321 1944 1547 2042 ignoratione.

402 2060 495 2153 Quid
513 2061 603 2132 enim
620 2075 671 2132 est
685 2062 874 2158 superioris
892 2062 1010 2149 aetotis,
1033 2062 1126 2159 quod
1144 2063 1247 2133 scribi
1263 2063 1369 2159 possit
1387 2061 1430 2132 de
1444 2063 1493 2147 iis,
1509 2060 1552 2130 ‹le

400 2177 526 2272 quibus
537 2177 630 2247 nullo
642 2193 864 2248 monumento
876 2179 1289 2274 loquunturuecaliorum
1302 2203 1366 2248 uec
1376 2178 1526 2273 ipsorum
1538 2177 1553 2243 3³

400 2290 444 2361 de
463 2291 516 2361 lris
531 2306 659 2378 eutem,
672 2317 760 2386 quos
779 2293 842 2387 ipsi
863 2293 1024 2378 vidimus,
1037 2293 1211 2364 nemiuem
1230 2292 1303 2362 lere
1319 2291 1552 2387 prsetermitti-

400 2431 475 2476 mus
490 2431 624 2494 eorum,
645 2432 731 2502 quos
748 2407 935 2503 aliquando
955 2407 1109 2478 dicentes
1129 2406 1341 2480 audiuimus.
1357 2413 1443 2497 [182]
1461 2404 1551 2476 Volo

402 2522 494 2592 enim
523 2523 621 2592 sciri.
645 2523 680 2592 in
715 2537 808 2592 touta
843 2538 878 2594 et
913 2537 980 2592 tom
1013 2539 1131 2594 vetere
1167 2549 1204 2594 re
1233 2523 1370 2620 publicu
1399 2521 1551 2592 umximis

402 2637 550 2734 premiis
578 2637 783 2735 eloquentie
811 2639 995 2735 propositis
1022 2665 1141 2710 omues
1166 2639 1299 2734 cupisse
1325 2639 1456 2723 dicere,
1480 2661 1551 2705 uou

400 2754 569 2852 plurimos
584 2779 685 2825 ausos
697 2779 782 2841 esse,
797 2755 950 2851 potuisse
964 2781 1103 2852 paucos.
1123 2758 1198 2852 Ego
1212 2771 1325 2825 tomen
1341 2754 1386 2824 itu
1402 2755 1446 2824 de
1462 2778 1551 2823 uuo-

398 2895 538 2968 quoque
556 2872 682 2958 dicem,
706 2887 744 2942 ut
759 2871 912 2969 intellegi
933 2873 1040 2968 possit
1055 2897 1158 2968 quem
1180 2873 1368 2942 existimem
1391 2873 1549 2940 cluuruto·

400 3011 485 3072 rem,
509 3011 613 3081 quem
638 2979 811 3057 oratorem
837 2987 953 3058 luisse.
975 2987 1088 3058 Isdem
1111 2987 1184 3058 sere
1213 2986 1427 3081 temporibus
1447 3000 1548 3055 {etate

399 3101 581 3173 inferiores
610 3103 713 3198 poulo
742 3127 846 3198 quum
869 3101 991 3189 Julius,
1012 3101 1088 3192 ¹sed
1118 3104 1265 3199 aequules
1295 3099 1548 3198 propemodum

377 3369 380 3376 Ι
429 3318 565 3363 Vnum
578 3333 584 3362 ι
599 3317 681 3374 ΧΙΛΧ,
696 3322 749 3362 tet.
769 3327 851 3362 sunt...
865 3314 957 3363 [emunt
967 3318 998 3372 tt.
1011 3315 1097 3364 luerint
1107 3315 1149 3384 Hl,
1158 3315 1234 3363 siut...
1246 3316 1333 3365 luerint
1344 3333 1363 3361 r.
1372 3315 1511 3362 -uidimus
1521 3317 1548 3362 t.

395 3413 428 3426 -
440 3394 493 3434 tes.
506 3388 566 3435 seire
578 3389 605 3435 L.

428 3460 476 3508 ttc.
495 3461 575 3517 ttettt,
593 3467 645 3508 tet.
658 3464 718 3508 trec
730 3464 823 3523 Meyer,
840 3461 936 3519 Piderit,
950 3461 1041 3524 Stangl,
1052 3463 1077 3523 je
1091 3464 1261 3510 conseruerint
1275 3472 1301 3508 et
1316 3461 1415 3518 luerint,
1433 3460 1473 3522 qui
1486 3460 1548 3506 e'ex-

399 3531 508 3595 piiquent
520 3548 617 3594 perone
630 3532 754 3579 uttrretion
765 3534 857 3580 modale
871 3534 1005 3595 (Itieumuu,
1014 3537 1130 3598 Syntoxe,
1142 3551 1165 3595 p.
1173 3534 1236 3600 tou).
1250 3536 1281 3580 Le
1293 3533 1388 3595 plupsrt
1399 3533 1441 3578 des
1449 3532 1550 3578 dditeurs

397 3603 518 3665 pretereut
532 3603 554 3652 le
569 3604 635 3664 leqon
646 3606 843 3666 sunt...seerunt.
858 3629 889 3641 —
901 3606 1003 3666 Knyser,
1016 3605 1075 3652 tulvi
1089 3623 1132 3667 pur
1141 3607 1271 3662 Eberlmrd,
1287 3605 1408 3666 eturpriure
1425 3603 1549 3665 superior-ir

398 3675 484 3722 etatr‘r.
505 3675 606 3731 Piderit,
623 3675 716 3738 d'spret
728 3677 773 3722 'rte
792 3677 933 3732 Mommsen,
947 3677 1005 3724 terit
1019 3692 1063 3738 per
1082 3678 1250 3740 treusporition
1271 3677 1414 3739 ignoratione
1427 3675 1550 3736 superioris

399 3749 483 3794 utaris.
501 3771 534 3783 -
553 3745 675 3793 Eberhsrd
687 3763 694 3794 s
708 3747 764 3792 tciri
778 3765 808 3793 nu
820 3747 867 3793 lieu
880 3749 910 3794 de
921 3747 1001 3792 scribi.
1015 3771 1046 3784 ι-
1056 3749 1264 3811 pretermittentes,
1277 3745 1460 3810 Stengld'spres
1474 3745 1549 3792 Bake.

398 3842 432 3854 -
446 3816 585 3874 endirlousr,
597 3833 658 3864 eorr.
674 3817 705 3864 de
718 3817 843 3880 Ruhnken.
862 3819 953 3882 Kayser
967 3830 991 3864 et
1003 3818 1071 3880 spritu
1086 3819 1118 3865 lui
1136 3819 1227 3867 Piderit
1244 3829 1344 3865 inettent
1357 3827 1424 3864 entre
1441 3817 1549 3864 eroelrets

397 3889 421 3935 le
435 3889 522 3950 phun
539 3904 628 3940 mm.
637 3923 658 3936 ..
676 3888 814 3936 andivimus.

433 4099 461 4157 Q.
482 4097 617 4153 Sertorium,
635 4098 658 4143 le
677 4097 770 4143 lemene
792 4097 899 4159 pnrtimn
918 4099 948 4144 de
1034 4097 1251 4160 Superiordeetetr's
1263 4098 1356 4159 dul-pond
1371 4097 1402 4144 de
1415 4097 1482 4160 quid.

402 4167 491 4214 Murius
503 4169 554 4230 qui,
571 4169 640 4230 eps-ee
654 4170 677 4215 le
699 4181 780 4216 retour
796 4170 826 4215 de
839 4169 901 4229 spu·
917 4184 945 4214 en
1034 4171 1194 4225 Monumente,
1208 4169 1222 4232 ἓ
1236 4177 1274 4218 2⁶.

403 4245 443 4293 8³,
454 4255 479 4285 se
490 4239 563 4286 retire
573 4256 602 4285 en
615 4243 724 4302 Repugne
734 4249 758 4287 et
768 4258 782 4302 5
794 4239 840 4286 tint
853 4241 905 4301 plus
918 4241 947 4285 de
1034 4245 1086 4285 tm.
1108 4239 1169 4287 Volo
1185 4240 1245 4286 enim
1264 4240 1330 4297 eriri,
1345 4251 1391 4286 ete.
1410 4240 1449 4288 ct.
1464 4241 1546 4303 §m

401 4309 441 4354 dix
454 4325 494 4354 nne
519 4325 548 4356 ee
569 4309 641 4356 delree
661 4310 697 4358 les
718 4313 810 4357 srmees
826 4309 947 4356 romeinee
1034 4312 1146 4356 l’remr‘s'r.
1157 4311 1192 4356 Cl.
1203 4312 1231 4354 de
1241 4313 1319 4367 Orrrt„
1335 4314 1354 4365 1,
1364 4317 1387 4366 t,
1402 4319 1442 4357 tt's:
1457 4333 1468 4354 α
1479 4314 1549 4356 Erum

401 4377 566 4440 (voirlluruy.
591 4381 644 4426 ttr'st
661 4381 702 4426 du
716 4382 794 4435 Rern..
818 4382 850 4440 ll,
864 4397 888 4442 p.
902 4386 947 4426 7³⁵
1002 4391 1080 4426 sutem
1100 4380 1153 4424 lruie
1178 4381 1255 4426 studio
1279 4381 1394 4436 maxime,
1416 4397 1467 4441 qua
1488 4397 1548 4426 orrue

402 4460 426 4494 et
439 4448 519 4511 suin).
531 4452 670 4512 Pluterque,
678 4455 749 4506 Sere,
759 4458 771 4495 Ε
781 4468 786 4494 :
796 4447 892 4514 ἤσκητο
904 4448 947 4514 μὶν
1002 4465 1096 4512 quoque
1109 4460 1172 4507 erret,
1183 4450 1291 4510 expositu
1300 4451 1393 4509 praerrrie
1404 4451 1440 4495 vel
1452 4451 1481 4496 ut
1493 4466 1547 4512 gn·

402 4517 446 4569 ndu
481 4519 537 4582 supi
557 4519 602 4579 τὰς
625 4520 696 4580 δίκας
717 4521 809 4578 ἱκανῶς
828 4520 870 4570 καί
893 4537 948 4569 τινα
1002 4522 1069 4576 tium,
1084 4520 1120 4565 ret
1139 4521 1168 4564 rut
1185 4536 1252 4580 oper,
1272 4521 1309 4566 vet
1324 4521 1353 4566 ud
1368 4521 1519 4582 dignitatem.
1534 4539 1546 4562 ι

403 4587 506 4652 δύναμιν
523 4591 550 4641 lv
567 4597 597 4665 τῇ
610 4591 680 4643 πόλει
699 4590 828 4658 μειράκιον
845 4591 880 4640 ὡν
898 4583 947 4641 ὰπὸ
1034 4592 1127 4636 Tamen.
1141 4589 1263 4635 Euteuder
1278 4604 1412 4651 quenquam
1420 4595 1495 4651 parret
1503 4606 1546 4652 po·

402 4663 447 4712 τοῦ
460 4661 538 4726 tipus
553 4664 637 4729 ἴσχω.
666 4661 668 4666 ’
921 4687 923 4692 .
1002 4669 1104 4716 tuerent,
1119 4671 1196 4706 eumen
1207 4663 1236 4706 de
1250 4660 1355 4706 omnibus
1365 4661 1451 4707 duam.

414 4735 463 4780 ·C.
479 4737 630 4799 Gergouiam,
644 4735 755 4794 ineonnu,
773 4735 832 4782 ainsi
854 4750 900 4797 que
913 4733 947 4780 les
1032 4732 1194 4780 clamatorem.
1218 4725 1277 4779 ¹Voir
1292 4731 1380 4797 (5180)
1400 4733 1422 4778 le
1437 4741 1495 4780 note
1508 4749 1548 4779 rur

401 4805 463 4853 deux
472 4817 579 4854 orsteurs
592 4807 634 4870 qui
651 4808 751 4857 seirent.
1000 4805 1144 4857 tabularum.
1158 4805 1195 4854 Cl.
1210 4805 1238 4852 de
1248 4807 1327 4862 Ome,
1342 4806 1375 4861 ll,
1387 4811 1426 4864 2⁰,
1441 4812 1487 4864 οῦς
1500 4807 1547 4864 lll,

434 4879 582 4944 xtttt‚tsr.
599 4883 803 4937 dehonestare.
1001 4885 1091 4934 suet.
1133 4921 1136 4926 .
