3586 5766
596 747 781 822 orturus
811 749 940 818 xxur,
966 751 1016 808 or.
1340 757 1378 816 os

236 883 336 955 nibil
352 907 513 955 recusans
535 879 645 950 Galba
661 905 725 974 pro
742 905 816 950 sese
832 893 866 950 et
883 881 1000 975 populi
1021 883 1164 954 llomani
1188 883 1290 956 fidem
1311 887 1377 955 im-

232 999 382 1093 plorans,
405 1023 483 1068 eum
506 1020 585 1066 suos
610 1019 736 1090 pueros
758 1008 830 1064 tum
856 999 897 1065 C.
916 997 1007 1066 Galli
1030 997 1132 1068 etiam
1160 998 1265 1070 filiurn
1295 1001 1378 1073 llens

234 1114 508 1200 commendabat,
533 1111 630 1208 eujus
645 1109 774 1181 orbitas
793 1125 827 1182 et
852 1109 950 1182 [letus
972 1112 1058 1184 mire
1083 1114 1285 1188 miserabilis
1315 1117 1379 1190 luit

234 1248 377 1330 propter
400 1245 576 1302 recentem
607 1227 808 1300 memoriam
836 1228 1015 1300 clarissimi
1043 1231 1148 1328 patris
1178 1261 1185 1301 :
1221 1233 1317 1331 isque
1341 1253 1377 1308 se

234 1365 305 1418 tunt
333 1348 460 1444 eripuit
486 1347 633 1430 llarnma,
669 1359 812 1441 propter
837 1371 964 1442 pueros
994 1347 1230 1419 misericordia
1260 1353 1379 1448 populi

235 1479 417 1548 commota,
441 1463 530 1534 sicut
554 1462 644 1531 idem
665 1461 830 1555 scripturn
856 1461 996 1558 reliquit
1017 1467 1116 1534 Cato.
1144 1467 1256 1560 Atque
1277 1467 1376 1538 ctiant

236 1580 345 1674 ipsum
366 1579 535 1648 Libonem
556 1603 627 1647 non
645 1575 809 1646 insontem
832 1575 933 1646 video
954 1577 1069 1664 luisse,
1091 1593 1130 1648 ut
1149 1605 1189 1650 ex
1209 1582 1378 1652 orationi-

235 1696 297 1764 bus
317 1695 389 1785 ejus
404 1692 556 1786 intellegi
573 1704 696 1785 potest.

283 1813 346 1898 [91]
380 1810 469 1879 Cum
501 1806 574 1875 lime
609 1803 771 1874 dixissem
804 1817 838 1874 et
871 1805 1012 1901 paulum
1047 1806 1375 1904 interquievissem:

235 1922 328 2016 Quid
358 1923 475 2020 igitur,
510 1920 634 2018 inquit,
672 1935 722 1992 est
753 1911 874 2008 causat,
910 1925 1049 2010 Brutus,
1086 1923 1113 1994 si
1146 1939 1237 1997 tanta
1270 1927 1378 2000 virtus

235 2041 271 2112 in
297 2055 435 2111 oratore
463 2039 572 2110 Galba
607 2037 683 2123 luit,
721 2063 785 2108 eur
815 2063 853 2109 ea
884 2039 975 2109 nulla
1001 2039 1036 2111 in
1065 2041 1277 2116 orationibus
1306 2047 1378 2139 ejus

236 2155 428 2252 appareat?
454 2153 547 2252 quod
568 2153 685 2222 mirari
710 2178 780 2224 non
803 2179 940 2250 possum
967 2155 1001 2225 in
1025 2156 1084 2244 eis,
1115 2157 1174 2253 qui
1196 2159 1281 2229 nibil
1302 2187 1380 2230 om-

268 2328 394 2374 Vaararrra
409 2342 414 2370 =
429 2330 468 2372 st.
479 2332 579 2385 apparet
589 2325 617 2369 1..

266 2394 535 2446 nemodiscernat
548 2409 593 2455 por
605 2395 709 2440 Corrsdo
723 2400 748 2440 et
762 2393 859 2440 tornales
872 2391 976 2440 iditeurs
989 2393 1083 2456 d'npriss
1093 2395 1145 2444 vat.
1158 2401 1232 2456 Mam,
1242 2401 1306 2457 Vm,
1320 2407 1339 2456 s⁸
1355 2407 1377 2448 a,

236 2496 266 2506 -
284 2469 388 2532 Stangls
410 2484 453 2532 pro
473 2482 523 2514 aeae
540 2463 581 2531 [et]
601 2465 689 2529 populi.
705 2465 799 2527 d'aprba
815 2467 912 2528 Campe.
930 2493 962 2504 ·-
983 2474 1021 2514 ot.
1045 2471 1172 2534 Apprime,
1194 2473 1327 2518 correction
1350 2473 1380 2518 de

236 2541 342 2589 lambis.
351 2543 423 2588 Peter
437 2539 512 2588 easaie
522 2539 552 2584 de
562 2535 677 2586 deieadrs
693 2539 714 2584 la
727 2536 794 2599 leena
806 2537 837 2585 ds
850 2541 883 2595 [ις
900 2537 957 2585 mais
967 2539 1001 2586 les
1012 2541 1130 2603 eaemples
1144 2540 1203 2603 qu’il
1222 2542 1268 2608 site
1280 2559 1309 2590 ne
1322 2531 1382 2591 ‘abnt

235 2630 277 2676 pas
287 2613 430 2661 eoneluants.
655 2615 659 2622 '
1298 2628 1300 2638 ·

865 2802 952 2849 Cum...
967 2812 1025 2859 tum,
1038 2811 1085 2850 ete.
1100 2805 1184 2850 Turne
1201 2803 1229 2852 iei
1242 2806 1265 2852 le
1277 2821 1332 2854 sens
1347 2806 1378 2855 ‹le

833 2882 856 2918 et
870 2885 970 2921 surterst.
988 2877 1050 2922 C'est
1062 2891 1102 2921 sur
1121 2875 1277 2937 l’apparitirus
1297 2877 1379 2925 dalila

237 2805 433 2868 rogationemque
444 2803 495 2864 ejus
507 2800 592 2848 liabitas
607 2801 638 2847 de
652 2800 779 2858 Lusitanis,

237 2893 281 2923 una
298 2888 378 2924 eontra
395 2879 421 2922 t.
439 2873 575 2922 Cornelium
595 2874 739 2937 Cethegum.
756 2873 779 2919 in

237 2965 282 3011 qua
306 2949 430 2996 Lusitanos
448 2957 550 3009 propter
565 2960 616 2993 sese
637 2955 712 2992 eastra
735 2945 778 2990 laa-

237 3021 317 3066 bentea
338 3035 408 3066 seros
428 3017 525 3074 farsam,
549 3019 612 3082 qnod
633 3026 779 3077 sompestrmr

237 3091 354 3144 babuerit.
377 3106 440 3152 equo
466 3099 539 3152 atque
558 3089 653 3136 bomine
670 3103 711 3134 sni·
732 3087 779 3133 rite

235 3161 370 3218 immolatis,
399 3178 442 3223 per
469 3161 571 3222 speeiem
605 3159 670 3222 pacis
691 3156 778 3205 adoriri

235 3237 360 3282 exereitum
374 3251 440 3280 srrrrm
453 3234 477 3280 in
498 3234 576 3280 animo
588 3233 703 3278 babuisse.
722 3251 732 3272 ι
747 3233 777 3278 1,ει

235 3309 303 3354 scine
319 3305 429 3353 raroaldo
450 3305 478 3352 iel
500 3323 544 3367 par·
564 3306 663 3354 Cieeron
676 3319 702 3350 ae
720 3320 776 3364 rap·

234 3392 302 3442 porte
321 3380 479 3426 eairlemurent
503 3380 515 3423 b
538 3378 558 3424 la
582 3377 720 3440 qadrorsison
746 3379 777 3421 dn

234 3452 328 3498 ‹lernier
338 3452 380 3496 des
395 3450 454 3496 trois
470 3449 576 3494 discours
589 3451 619 3494 dc
635 3449 719 3499 Galba.

267 3523 332 3567 Nilei!
343 3538 454 3584 reris-snus
461 3537 504 3582 pra
516 3537 574 3566 sese.
592 3521 677 3573 Galba,
692 3531 775 3579 rrryattt

235 3592 257 3636 le
280 3592 368 3652 perqsle
395 3591 470 3634 ear-itit
488 3599 570 3634 erustre.
597 3606 622 3632 sa
653 3605 776 3648 porsennae,

235 3661 331 3705 n'essair·
348 3663 399 3720 plus
410 3663 440 3705 de
451 3677 476 3702 se
488 3661 591 3719 insidier
608 3671 632 3704 et
647 3659 698 3703 llnit
711 3675 741 3702 ers
752 3673 776 3701 se.

235 3743 375 3778 enarraremus
403 3731 417 3776 i
443 3741 522 3774 trudes
548 3731 581 3774 les
604 3727 778 3788 eonsiqrreuees

236 3803 291 3861 {esil
302 3820 332 3847 ou
346 3805 420 3862 niort)
435 3815 482 3861 que
496 3801 516 3842 la
535 3801 565 3843 loi
582 3802 612 3844 sle
626 3799 699 3844 lribnn
721 3809 777 3858 peut

235 3875 353 3919 entralner
365 3888 426 3934 pour
438 3871 480 3917 lui.

265 3945 354 3999 Fidem,
371 3959 440 4005 paret
463 3943 519 4005 qrr'il
533 3944 609 3988 crurlle
629 3942 671 3987 des
692 3941 778 4003 nrplre·

235 4017 302 4062 lins'a
323 4019 345 4063 la
362 4015 446 4062 tutelle
462 4015 603 4076 protectrice
623 4015 655 4060 du
678 4014 776 4074 qierrple.

234 4090 270 4137 Cl.
283 4091 311 4134 de
323 4091 403 4142 oras..
419 4090 437 4150 l,
454 4094 492 4140 ὅτι,
504 4094 547 4132 tat
562 4103 567 4131 :
585 4109 595 4128 ι
612 4084 778 4147 lleprelreade·

234 4163 273 4208 bat
289 4162 364 4224 igitur
378 4160 477 4208 Galbam
496 4159 604 4212 llrrtilirrs.
623 4159 687 4220 quod
707 4159 727 4203 is
748 4159 776 4204 C.

235 4235 331 4296 Sulpicii
342 4233 405 4282 Galli
419 4232 548 4295 propinqui
561 4232 596 4277 srri
607 4231 720 4290 Quintam
733 4247 775 4292 pu·

234 4308 315 4368 pillum
326 4306 399 4354 lilium
412 4306 462 4367 ipse
475 4321 542 4367 pane
555 4305 579 4350 in
599 4305 710 4350 lusmerns
722 4319 777 4349 araris

234 4379 364 4434 retulisset,
378 4376 419 4439 qui
434 4377 508 4438 patris
527 4375 652 4422 clarissimi
668 4376 778 4421 reeorda-

235 4451 297 4496 tirrne
307 4460 331 4496 et
346 4449 457 4494 mernoria
471 4449 552 4493 lletunr
564 4448 653 4508 qrrqrrrlo
662 4458 775 4498 nauseet.

235 4531 258 4568 et
272 4523 330 4568 duos
346 4521 408 4566 illios
422 4535 477 4566 runs
498 4534 582 4579 'tarsos
602 4519 680 4564 tutela·
694 4517 776 4580 populi

235 4592 422 4639 ersmmemlasset
447 4608 473 4638 ae
489 4606 523 4654 se,
539 4600 652 4650 tanquam
676 4589 700 4636 ia
718 4606 777 4650 pro-

235 4666 309 4712 eiaetu
331 4674 498 4711 testemonium
524 4662 614 4708 laceret
645 4662 693 4708 sine
718 4661 776 4708 libra

235 4749 305 4800 atque
328 4737 424 4793 tabulis,
445 4735 559 4798 populum
578 4737 708 4780 llomaoum
738 4744 777 4779 tu·

236 4817 307 4856 torem
326 4809 450 4857 instituere
471 4805 570 4856 dixisset
595 4805 688 4854 illorum
708 4805 777 4852 orbi·

236 4883 286 4929 llll.
304 4903 314 4924 a

304 4997 415 5038 narnus.

833 2945 863 2991 de
888 2945 967 2993 Gallus
987 2963 1033 3009 que
1055 2948 1131 2994 Galba
1154 2959 1249 3010 compte
1271 2949 1294 2996 le
1315 2951 1378 3012 plus.

835 3017 894 3062 Voir
911 3017 933 3064 le
946 3033 1044 3080 passage
1059 3020 1089 3064 du
1103 3019 1133 3064 ds
1146 3022 1246 3066 Oratore
1257 3021 1304 3068 eite'
1319 3021 1378 3068 dana

834 3086 855 3132 la
872 3099 928 3134 note
943 3088 1097 3150 presidente.
1113 3115 1140 3127 -·
1159 3095 1187 3139 C.
1204 3091 1282 3155 catti,
1305 3093 1374 3154 578.v

865 3163 895 3206 Se
905 3160 1108 3224 eripuitflamms,
1119 3161 1135 3208 il
1145 3162 1252 3224 debanna
1261 3167 1273 3208 'a
1285 3163 1380 3211 l'ineen·

833 3231 871 3277 die
884 3232 924 3293 qui
936 3233 1002 3279 allait
1012 3234 1034 3280 le
1047 3233 1155 3281 ‹ll-roror.
1171 3236 1330 3297 lr'expreasion
1344 3249 1380 3284 est

832 3319 885 3349 sans
899 3307 971 3353 doute
995 3307 1025 3352 de
1047 3309 1131 3353 (latam.
1155 3309 1257 3356 Cicirrrn
1276 3311 1379 3371 emploie

832 3375 974 3424 d'ordinaire
989 3377 1077 3440 eripere
1092 3379 1138 3425 soit
1150 3396 1205 3426 avec
1220 3381 1240 3425 le
1252 3381 1321 3437 datii,
1333 3382 1377 3427 sirit

833 3447 884 3508 plus
899 3450 1030 3496 rolontiers
1042 3466 1096 3496 avec
1111 3467 1140 3496 ιε
1154 3460 1179 3497 et
1193 3451 1302 3498 l'ablatil.
1317 3456 1378 3499 Dans

833 3519 854 3562 le
866 3536 910 3579 pro
925 3524 1014 3565 Senum
1030 3519 1081 3580 (itt)
1095 3537 1125 3566 nn
1143 3532 1251 3568 retroure
1266 3544 1276 3563 ιι
1290 3523 1377 3583 eripuit

833 3587 922 3632 lisanum
946 3609 967 3648 ιι,
990 3591 1047 3635 mnis
1067 3591 1267 3636 inuuidiatrunent
1286 3593 1377 3653 apris-r

833 3676 844 3696 ιι
859 3658 962 3717 eriperet
974 3677 1001 3704 er
1014 3660 1055 3704 bae
1071 3659 1191 3708 damma„
1207 3662 1330 3722 eripuisset
1349 3679 1377 3707 ea

832 3728 873 3774 illu
885 3728 992 3776 incendio
1045 3753 1055 3772 n
1339 3725 1348 3776 ⁸.

862 3799 982 3859 Scriptum
1005 3802 1110 3864 reliquit.
1138 3807 1172 3848 Ile
1192 3806 1271 3856 orest..
1295 3805 1314 3862 l,
1336 3811 1376 3856 aa,

829 3875 877 3913 m
895 3886 900 3912 r
916 3891 927 3910 ιι
939 3872 1008 3928 errrd
1024 3871 1080 3918 item
1097 3873 1159 3936 apud
1173 3874 1288 3920 Catonem
1302 3874 1377 3933 aerip-

832 3949 880 3984 turn
900 3957 950 3986 esso
964 3943 1028 3990 vides
1045 3965 1056 3985 ιι
1073 3943 1116 3989 nisi
1134 3945 1215 4005 prieris
1232 3956 1257 3991 et
1274 3943 1376 4008 lacrimis

832 4027 885 4058 usus
897 4025 968 4068 esset,
979 4031 1059 4076 poanaa
1072 4032 1126 4062 eram
1140 4017 1251 4063 daturum
1267 4017 1347 4066 luisse.
1363 4037 1374 4058 ιι

862 4091 901 4130 ar.
919 4087 948 4132 ln
961 4088 1104 4134 orationibus
1117 4090 1177 4152 ejus,
1193 4089 1251 4150 qra'il
1266 4107 1277 4135 a
1293 4089 1373 4136 laisse'a

832 4173 874 4218 pne
889 4157 959 4203 derit.
1022 4191 1023 4198 ι

864 4230 930 4290 (lursd
947 4231 1037 4288 mirari,
1058 4245 1104 4280 ete.
1128 4236 1160 4280 La
1176 4234 1236 4280 suite
1256 4234 1298 4281 de's
1311 4233 1377 4282 idries

832 4311 865 4348 est
880 4318 943 4349 asses
961 4305 1117 4366 envclopqsie.
1141 4309 1225 4352 llrntus
1248 4317 1303 4353 rent
1324 4307 1376 4353 dire

832 4390 916 4435 queas
937 4379 1048 4436 question
1068 4378 1128 4423 n'rst
1150 4394 1192 4438 psa
1209 4394 1269 4439 pour
1292 4389 1376 4424 mettre

831 4461 860 4491 en
873 4447 947 4492 alonte
961 4447 981 4492 le
1002 4448 1079 4494 rnnina
1094 4451 1125 4494 ‹lu
1146 4450 1232 4494 moade
1252 4448 1273 4494 la
1296 4451 1378 4496 valeiae

831 4517 934 4562 marniae
948 4520 979 4564 ale
990 4519 1077 4576 Galba,
1091 4521 1202 4580 ‹qu'ellea
1216 4537 1245 4567 au
1257 4521 1377 4567 contraire

830 4589 934 4650 quelque
947 4591 1016 4636 ebore
1031 4591 1061 4636 de
1072 4592 1185 4638 llatteurt
1202 4589 1259 4638 e'est
1277 4593 1330 4652 rlr'q'ir
1347 4609 1376 4638 un

829 4659 937 4706 bonneur
948 4678 995 4724 que
1007 4662 1061 4708 d'en
1072 4663 1122 4709 erre
1134 4663 1229 4722 lobias.
1240 4673 1309 4709 eteet
1320 4653 1376 4710 bon·

830 4748 896 4788 nour,
910 4734 944 4781 lea
958 4745 1062 4781 oratesrrs
1074 4735 1187 4797 quin'ont
1202 4735 1252 4781 rien
1270 4734 1329 4781 ierit
1347 4753 1376 4782 ne

830 4805 887 4850 l'not
901 4822 950 4866 pas.
976 4808 1041 4852 ll'est
1052 4809 1123 4869 qra'en
1139 4810 1205 4862 ellet,
1229 4808 1318 4867 repond
1334 4809 1376 4854 (li-

828 4876 909 4932 eimn,
924 4878 959 4924 les
974 4878 1064 4926 raianns
1081 4880 1169 4927 rnernea
1182 4878 1224 4941 qui
1240 4879 1377 4941 expliqrrsnt

1219 4982 1234 5033 5
