3586 5766
634 793 819 862 BRU'I'Ub',
848 792 940 857 xtx.
965 792 1066 851 tunt.
1386 794 1423 850 st

280 941 455 998 oratorum
471 951 599 1023 genera
609 925 823 1023 distinguere
832 924 1000 1011 aetatibus,
1014 922 1113 995 istam
1128 921 1343 1022 diligentiam
1350 950 1425 998 esse

281 1041 571 1114 accommodatam
588 1057 684 1138 puto.
704 1047 770 1132 [ut]
797 1043 904 1113 {tecte
920 1041 1074 1138 inquam,
1097 1043 1217 1130 Brute,
1233 1040 1420 1139 intellegis:

280 1173 381 1254 atque
396 1159 526 1228 utinum
538 1171 712 1229 exstarent
727 1157 784 1228 itta
796 1157 961 1243 carmina,
976 1181 1053 1252 quae
1068 1156 1184 1228 multis
1201 1156 1425 1230 saecuiisnnte

280 1300 373 1344 suam
391 1288 524 1344 aetatem
548 1273 584 1343 in
606 1271 717 1370 epuiis
732 1297 806 1344 esse
826 1271 988 1343 cantitata
1007 1298 1026 1343 a
1043 1272 1187 1369 singulis
1206 1272 1360 1344 convivis
1380 1274 1424 1345 de

280 1393 451 1462 clarorum
471 1390 627 1461 virorum
645 1389 805 1460 laudibus
825 1389 861 1460 in
878 1388 1082 1486 Originibus
1096 1389 1264 1486 scriptum
1284 1388 1424 1487 reliquit

279 1507 381 1578 Cutoi
407 1511 539 1577 Tamen
567 1506 669 1593 iilius,
699 1531 802 1601 quem
828 1505 864 1576 in
891 1505 1024 1577 vatibus
1051 1519 1084 1577 et
1111 1506 1237 1577 Faunis
1260 1532 1422 1581 annume·

280 1638 331 1694 rat
348 1624 491 1709 Ennius,
513 1623 649 1693 bellum
669 1623 839 1692 Punicum
859 1623 956 1718 quasi
976 1621 1133 1718 Myronis
1154 1647 1242 1718 opus
1260 1622 1421 1695 delectat.

279 1739 404 1829 [rusie
417 1737 548 1808 Ennius
560 1763 654 1826 sane,
669 1750 706 1808 ut
724 1753 775 1810 est
789 1752 895 1824 certe,
910 1736 1121 1833 perfectior:
1138 1737 1198 1834 qui
1216 1737 1242 1808 si
1263 1738 1372 1824 iilum,
1387 1755 1422 1809 ut

279 1855 426 1940 simulat,
448 1867 698 1940 contemneret,
717 1879 788 1925 uon
808 1853 922 1924 omnia
941 1853 1031 1924 bella
1047 1877 1259 1950 persequens
1274 1855 1423 1949 primum

280 1971 365 2040 iilud
382 1970 550 2040 Punicum
569 1971 777 2041 acerrimum
790 1970 919 2041 bollum
934 1968 1141 2066 reliquisset.
1156 1968 1224 2040 Sed
1240 1969 1313 2064 ipse
1323 1970 1419 2057 dicit,

281 2112 343 2156 cur
360 2085 394 2155 id
412 2085 533 2156 saciat:
556 2114 573 2153 (ι
596 2084 788 2181 Scripsere,
811 2085 935 2181 inquit,
962 2084 1019 2156 aiii
1043 2110 1127 2156 rem·
1141 2084 1298 2155 uorsibus
1321 2111 1363 2174 u;
1390 2101 1424 2158 et

281 2205 456 2275 luculento
467 2202 607 2300 quidem
620 2203 844 2298 scripserunt,
859 2200 990 2274 etiamsi
1006 2202 1119 2272 minus
1134 2226 1238 2297 quum
1247 2215 1286 2271 tu
1296 2199 1419 2298 polite!

280 2343 344 2389 nec
361 2343 445 2388 vero
464 2317 525 2386 tibi
544 2317 643 2388 aliter
656 2315 766 2388 videri
783 2316 897 2403 debet,
922 2315 979 2413 qui
1001 2315 1159 2387 aNaevio
1176 2316 1231 2388 vel
1250 2314 1421 2413 sumpsisti

282 2435 397 2520 muita,
416 2433 443 2504 si
462 2433 590 2518 satoris,
611 2433 678 2519 vel,
702 2432 729 2502 si
751 2457 868 2530 negas,
888 2429 1096 2529 surripuisti.

328 2555 490 2644 [miluus
501 2550 567 2622 hoc
575 2555 707 2622 Catone
716 2549 1008 2647 grandioresuatu
1019 2548 1247 2622 merantur
1250 2549 1419 2638 lammina,

310 2771 451 2816 Vasssurns
464 2783 470 2812 s
491 2773 529 2812 ts.
547 2775 670 2812 enumerat
682 2767 736 2812 1111
744 2767 780 2812 Μ.
795 2791 828 2801 -
842 2765 906 2812 betto
923 2765 1034 2827 punicum
1047 2763 1183 2831 (ea-rium
1195 2765 1224 2811 de
1239 2781 1292 2812 suan
1311 2781 1342 2812 aus
1356 2766 1424 2830 signe

279 2841 307 2887 de
320 2841 397 2901 deese)
412 2842 442 2894 F,
462 2837 525 2884 betto
537 2837 623 2898 punico
635 2852 689 2883 eum
700 2853 720 2882 r.

310 2915 360 2961 uc.
379 2917 417 2960 tt.
433 2911 531 2973 Stangl:
546 2907 699 2974 [matorum.„
715 2907 840 2974 uteribusl.
859 2932 890 2946 ·-
909 2914 948 2958 tt.
964 2911 1000 2958 Au
1015 2908 1064 2956 iieu
1081 2909 1111 2958 de
1126 2919 1212 2968 termera,
1230 2909 1347 2959 Weidner
1364 2921 1422 2959 eoa-

289 2995 370 3031 eeture
385 2982 419 3029 ita
435 2998 485 3039 meg
503 2980 718 3030 taho-Etednrts
738 2995 792 3027 uum
811 2982 880 3028 uest.
894 2981 953 3029 Voir
970 2982 994 3028 is
1013 2981 1188 3030 oommentaire.

908 3188 990 3244 utus.
1004 3187 1129 3236 resumit.

279 3187 408 3250 digression
424 3187 466 3248 qui
482 3185 584 3248 prieede
598 3197 633 3234 est
649 3188 727 3248 piutdt
738 3187 760 3233 is
771 3203 821 3233 ree·

280 3259 392 3307 tifleation
415 3260 470 3304 d’un
487 3257 554 3319 point
568 3257 691 3304 d'histoire
707 3257 822 3305 ttutreire

280 3331 365 3395 qu'une
381 3330 468 3376 utatis
485 3339 607 3390 serapem
622 3345 650 3376 au
664 3345 717 3376 sens
735 3345 822 3391 propre

278 3405 379 3451 dumet.

311 3483 348 3524 tt».
363 3478 439 3538 Atque
459 3475 549 3522 atinam
560 3474 663 3536 supremi
677 3474 699 3521 ie
709 3473 822 3537 develop-

280 3557 377 3612 pement
394 3549 543 3610 interrumpo
560 3547 628 3608 apres
649 3545 723 3593 nostri
737 3557 821 3594 veteres

279 3636 354 3666 versus
361 3619 403 3664 ubi
409 3629 462 3664 suut
474 3620 542 3682 (gat)
554 3637 559 3665 ι
570 3638 582 3662 a
592 3619 628 3666 ot
638 3630 691 3665 sont
700 3635 742 3665 nos
752 3619 820 3664 vieua

279 3708 330 3738 aers
339 3701 363 3738 et
375 3707 432 3738 eeua
443 3707 490 3754 que
504 3690 639 3738 eirsntaient
652 3693 687 3737 ies
697 3693 786 3736 Fauaea
796 3699 820 3736 et

278 3764 312 3809 ies
324 3761 415 3816 devius.
425 3771 449 3807 et
460 3777 518 3809 teus
529 3778 576 3825 que
587 3761 634 3807 l'oa
645 3761 752 3807 chantsit
763 3761 821 3807 daus

277 3835 311 3881 les
327 3832 422 3880 festius?
436 3852 448 3874 ι

310 3906 428 3952 Cornum.
451 3906 553 3959 Varroas,
578 3901 625 3948 etet
659 3918 704 3963 par
732 3902 821 3949 Nouius

281 3979 343 4039 (orsu
358 3975 418 4036 vore)
433 3993 439 4019 s
454 3993 465 4018 a
483 3975 506 4021 in
519 3973 630 4022 conviviis
640 3975 708 4037 pueri
721 3974 821 4021 modesti

280 4059 305 4096 ut
322 4055 442 4094 mutarent
457 4048 559 4093 earmina
578 4045 684 4108 antiqua,
698 4045 723 4092 iu
737 4046 822 4108 quibus

276 4121 358 4167 leudes
370 4129 437 4165 oront
449 4119 565 4179 nrsjorum
577 4127 601 4163 et
609 4133 657 4163 asan
669 4133 726 4165 roes
738 4128 821 4164 etcum

280 4191 386 4237 tibicine.
402 4210 414 4231 s
431 4189 467 4238 Cf.
482 4188 652 4252 Tuscul.‚1,t‚
667 4197 693 4252 ³3
708 4191 750 4252 Π,
760 4198 783 4246 2,
794 4197 821 4246 δε

280 4265 380 4315 iiurnee,
392 4261 461 4313 ortes.
477 4263 516 4314 lv,
531 4267 568 4314 tt.
581 4265 662 4310 art-sa.

313 4339 408 4382 i'ermrrs.
419 4333 464 4380 Ces
474 4331 541 4379 rieux
554 4347 606 4380 vers
617 4332 726 4395 dispartit
736 4332 824 4380 &artent

282 4409 336 4454 bien
346 4405 493 4468 impressum
507 4405 540 4452 ies
557 4421 609 4451 rers
618 4405 648 4450 de
664 4404 755 4452 Nreriua
771 4406 823 4468 qui,

282 4495 310 4524 tua
322 4477 374 4524 dire
386 4475 509 4533 d'Eunius,
521 4493 550 4522 ne
562 4476 638 4521 ntem
649 4475 720 4538 garire
735 4475 823 4535 minua,

281 4561 332 4596 sont
348 4549 402 4596 bien
418 4548 549 4608 impariaita
566 4548 635 4594 aussi.
649 4552 686 4596 Osa
702 4548 736 4595 ies
751 4554 824 4612 godte

281 4621 407 4684 rependant
423 4636 514 4666 eomme
532 4636 562 4665 ou
582 4624 654 4684 godte
675 4621 824 4668 l'arehatame

282 4695 311 4740 de
335 4695 428 4754 Myron.
453 4691 517 4737 diesi
535 4708 564 4738 ea
586 4691 666 4752 poesie
686 4708 778 4739 comme
795 4709 824 4740 en

283 4775 328 4818 art.
341 4779 371 4812 on
382 4780 412 4810 ne
428 4761 544 4823 diedsigne
558 4779 600 4824 pas
614 4763 650 4811 ies
664 4763 789 4825 primitius
808 4765 825 4811 il

283 4839 322 4901 ι’]
335 4853 347 4884 a
361 4836 432 4899 qu'eu
444 4834 575 4897 dloquenee
590 4837 662 4898 qu'ott
679 4851 709 4883 eu
724 4836 766 4884 fait
779 4853 826 4900 peu

283 4912 364 4958 decas
377 4909 422 4974 (Gi.
435 4907 450 4970 fl
463 4913 491 4956 tt
502 4906 551 4972 fin).

908 3259 1056 3306 [noctibas.
1085 3259 1122 3306 Cf.
1147 3259 1274 3322 patrue,
1292 3262 1359 3315 Am..
1383 3267 1422 3313 us.

877 3338 930 3378 ὅθι
956 3351 968 3373 ι
986 3333 1036 3394 Ego
1066 3329 1162 3378 forsitan
1173 3340 1274 3393 psopter
1287 3329 1423 3378 metuendi-

878 3419 932 3450 uem
956 3413 1109 3464 patronorum
1120 3401 1145 3448 iu
1164 3417 1236 3466 grege
1249 3419 1397 3451 annumeres.
1409 3423 1422 3448 s

910 3473 1002 3523 Bellum
1040 3475 1167 3538 Punicum,
1194 3475 1252 3522 titre
1278 3476 1311 3522 du
1339 3473 1422 3538 potore

879 3547 967 3612 dpique
979 3548 1009 3594 de
1019 3548 1110 3595 Iturius
1127 3563 1157 3594 en
1172 3563 1226 3595 vers
1242 3548 1383 3596 esturniena.
1403 3549 1422 3598 ii

877 3620 995 3669 contenuit
1008 3619 1122 3667 i'histoire
1134 3619 1164 3666 de
1173 3620 1194 3666 Ιι
1209 3619 1325 3682 prendite
1338 3637 1422 3684 guerre

877 3692 983 3754 pronique
995 3690 1105 3754 (storace,
1118 3692 1205 3752 Epire,
1219 3693 1252 3749 11,
1265 3699 1287 3746 t,
1301 3693 1349 3756 581.
1362 3693 1381 3740 ii
1392 3709 1422 3741 ue

876 3779 933 3810 nom
948 3777 978 3808 eu
994 3769 1055 3809 reste
1075 3778 1123 3826 que
1135 3763 1250 3826 quelques
1268 3775 1349 3811 eourts
1361 3764 1423 3828 trag·

875 3843 958 3882 ments.

907 3912 945 3952 tt.
958 3908 1147 3953 Contemneret...
1158 3903 1300 3968 retiqaisset.
1309 3907 1346 3953 ct.
1357 3905 1420 3968 5⁴⁰.

906 3971 1049 4040 Persequar
1059 3993 1091 4019 =
1104 3977 1158 4022 dam
1170 3975 1357 4040 persequebatur.
1366 3978 1422 4025 Voir

875 4047 999 4102 Riemann.
1015 4051 1131 4109 systum,
1144 4047 1223 4109 gut.
1239 4065 1264 4110 p.
1280 4053 1335 4095 tet,

906 4119 1059 4181 Acerrimum,
1067 4119 1108 4181 qui
1116 4118 1423 4183 meritritpareoasiqueut

876 4191 953 4238 d'itra
965 4189 1077 4237 raeoatie
1092 4205 1121 4235 en
1134 4187 1224 4240 detail.

908 4261 1058 4324 deliquisset,
1077 4261 1158 4308 luisses
1176 4261 1206 4309 de
1225 4261 1288 4318 odsi,
1312 4273 1423 4310 raeoaster

878 4333 1034 4396 rapidement,
1056 4348 1150 4380 comme
1175 4349 1221 4380 une
1244 4333 1342 4382 histoire
1368 4333 1422 4396 dtis

878 4477 1002 4526 desaisire
1017 4479 1039 4524 ie
1049 4477 1117 4525 risit.
1129 4478 1165 4527 Cf.
1180 4479 1195 4542 5
1209 4485 1262 4527 tto.

910 4548 1079 4605 struentem.
1098 4561 1144 4597 ete.
1170 4551 1319 4614 Apostrophe
1339 4553 1352 4598 i
1371 4553 1423 4600 nu·

878 4639 939 4670 naus.

909 4693 1024 4758 Potera,g
1041 4700 1080 4740 tt.

910 4771 949 4814 77.
965 4769 1015 4813 ttae
1025 4765 1147 4814 ramiue'a
1162 4767 1183 4813 ia
1196 4766 1315 4830 question.

911 4843 937 4889 C.
950 4834 1092 4905 Flaminini,
1114 4839 1129 4904 5
1151 4843 1192 4886 tis
1208 4840 1246 4887 De
1266 4839 1344 4888 asine
1363 4843 1427 4904 posu·

880 4913 909 4971 Q.
927 4909 1049 4958 Mutunus
1063 4920 1086 4958 et
1101 4913 1131 4972 Q.
1146 4909 1268 4961 Metelites.
