3662 5764
409 795 467 852 att

408 921 617 1006 sollicitudo,
642 919 735 1014 quod
763 934 797 990 et
825 920 897 1014 ipse
927 945 964 988 re
991 919 1128 1014 publiea
1148 943 1264 988 careas
1286 934 1320 990 et
1342 921 1398 990 illa
1421 935 1467 990 te.
1498 922 1548 986 Tu

409 1049 535 1122 tamen,
559 1035 620 1106 etsi
649 1059 786 1104 cursum
807 1033 935 1130 ingenii
956 1033 1016 1120 tui,
1042 1037 1159 1118 Brute,
1184 1033 1311 1129 premit
1330 1033 1403 1103 baec
1424 1035 1550 1130 impor-

408 1165 489 1222 tuna
502 1151 616 1222 clades
634 1150 791 1236 civitatis,
811 1150 998 1220 continete
1018 1149 1053 1218 in
1070 1149 1135 1219 tuis
1155 1149 1364 1246 perennibus
1379 1150 1500 1220 studiis
1518 1163 1550 1220 et

409 1265 508 1338 effice
528 1265 575 1354 id,
591 1265 684 1364 quod
698 1267 768 1360 jam
786 1265 1037 1364 propemodum
1053 1265 1106 1336 vel
1122 1265 1223 1361 plane
1238 1266 1352 1364 potius
1369 1267 1545 1358 effeceras,

408 1399 444 1455 nt
462 1399 496 1456 te
510 1384 635 1483 eripias
653 1409 693 1456 ex
710 1409 761 1472 ea,
785 1409 887 1482 quam
913 1409 978 1482 ego
996 1383 1152 1478 congessi
1171 1382 1205 1453 in
1225 1383 1318 1455 bunc
1338 1409 1544 1468 sermonem,

408 1503 508 1575 turba
524 1497 793 1602 [patronorum].
817 1503 891 1573 Nec
907 1500 999 1573 enim
1017 1499 1117 1572 decet
1136 1515 1170 1572 te
1187 1517 1346 1572 ornatum
1367 1500 1548 1572 uberrimis

407 1621 549 1708 artibus,
569 1647 653 1718 quas
670 1645 748 1690 eum
768 1618 872 1690 domo
890 1618 1030 1690 baurire
1048 1643 1117 1688 non
1135 1643 1263 1714 posses,
1285 1619 1489 1690 arcessivisti
1507 1642 1547 1688 ex

407 1739 492 1810 urbe
508 1763 559 1826 ea,
580 1755 656 1836 quae
672 1737 794 1808 domus
813 1750 864 1807 est
881 1761 1019 1834 semper
1038 1734 1153 1805 babita
1171 1735 1351 1822 doetrinae,
1372 1735 1545 1806 numerari

407 1854 442 1924 in
461 1855 565 1952 vulgo
585 1869 824 1952 patronorum.
847 1852 1037 1948 Numquid
1060 1866 1092 1922 te
1108 1852 1262 1924 exercuit
1279 1855 1482 1924 Pammenes
1496 1853 1547 1920 vir

406 1971 509 2068 longe
536 1971 833 2070 eloquentissimus
861 1967 1029 2040 Graeciae?
1053 1967 1136 2064 qnid
1164 1969 1219 2038 illa
1244 1984 1341 2040 vetus
1365 1969 1545 2040 Academia

406 2101 509 2182 atque
521 2087 592 2181 ejus
608 2087 708 2158 beres
719 2087 864 2173 Aristus,
881 2085 1005 2181 hospes
1021 2098 1055 2155 et
1066 2084 1241 2155 familiaris
1251 2110 1359 2172 inens,
1370 2085 1397 2154 si
1408 2085 1546 2180 (pridem

406 2201 532 2272 similes
553 2203 689 2294 majoris
709 2203 814 2298 partis
831 2217 1007 2270 oratorum
1026 2201 1133 2270 futuri
1158 2201 1300 2270 sumus?
1316 2205 1400 2288 [333]
1423 2203 1546 2270 Nonne

407 2318 581 2386 ceruimus
607 2317 663 2385 vix
698 2317 841 2412 singulis
872 2315 1025 2386 aetatibus
1055 2313 1155 2384 binos
1182 2328 1337 2385 oratores
1362 2315 1547 2384 laudabiles

406 2429 620 2500 constitisse?
635 2431 745 2500 Galba
762 2430 827 2498 l'uit
840 2431 932 2499 iuter
946 2443 994 2498 tot
1011 2429 1159 2523 aequales
1174 2455 1263 2498 unus
1278 2431 1461 2514 excellens,
1476 2427 1541 2510 eui,

759 791 947 858 llllU'l'US,
976 790 1113 857 XCVll‚
1137 791 1205 848 333.

436 2627 574 2672 visuum
586 2642 593 2672 a
606 2631 660 2672 333.
676 2625 716 2687 qui
730 2635 753 2672 tc
767 2627 786 2671 L
799 2623 839 2688 (6Ι
852 2624 928 2686 qnid).
940 2648 972 2660 -
988 2630 1042 2670 333.
1056 2625 1129 2670 Cottae
1142 2624 1222 2687 quales
1232 2625 1395 2686 B‚cec·qnsles
1409 2622 1454 2672 8¹.

435 2699 484 2744 ΝΟ.
504 2703 557 2744 333.
572 2699 591 2744 ΙΙ
612 2707 649 2744 est
665 2712 711 2758 peu
727 2695 904 2742 vrsiscmblsble
920 2711 966 2758 que
982 2692 1081 2741 ciceron
1096 2695 1130 2742 sit
1143 2694 1226 2758 adpetis
1239 2695 1389 2744 inutilemcnt
1401 2708 1544 2759 petrenessa

403 2769 416 2814 is
429 2768 490 2816 deus
501 2769 579 2832 lignes
592 2768 622 2816 de
635 2769 748 2816 distance.
767 2769 832 2816 Arce
848 2767 930 2832 Stangl
944 2769 970 2829 ic
981 2767 1104 2830 supprime
1114 2767 1137 2814 le
1149 2765 1262 2830 premier,
1277 2767 1344 2814 ιιινὸο
1357 2767 1424 2816 itant
1435 2768 1546 2816 callisens-

403 2851 469 2886 ment
490 2838 621 2887 diternains's
647 2857 690 2902 pse
711 2841 746 2888 les
769 2851 829 2887 rstots
850 2840 890 2902 qui
913 2839 1123 2902 l'sccompsgncnt.
1149 2841 1240 2902 Kayser
1263 2839 1358 2902 prt'slcse
1374 2841 1506 2903 supprimes
1523 2839 1544 2884 le

401 2912 495 2958 second.
513 2937 545 2948 -
559 2919 612 2960 333.
626 2911 709 2960 llivlus
723 2911 843 2958 exstitisse
855 2927 885 2957 eu
899 2911 946 2957 lieu
961 2911 991 2957 de
1000 2909 1140 2960 eerutitisse.

434 3099 948 3166 Efficeresetnoneffsetsti,parcequel'ac·

405 3171 455 3218 tien
467 3173 588 3235 exprirnde
596 3173 669 3236 perlc
679 3175 752 3220 verbe
766 3183 802 3221 est
815 3173 948 3220 anticleurc

402 3247 414 3290 ἐι
430 3245 570 3308 l'esplosion
583 3247 612 3293 de
627 3245 744 3310 laguena
758 3245 836 3307 civile,
845 3245 947 3308 laquelle

403 3327 439 3364 est
450 3333 480 3364 un
494 3316 538 3365 luit
548 3319 625 3380 presse.

434 3393 514 3448 Denso,
525 3392 555 3438 de
563 3395 646 3447 Reme,
657 3393 698 3455 qui
707 3391 792 3438 n’nvait
802 3407 843 3453 pas
856 3391 886 3438 de
897 3391 948 3452 pbi-

400 3460 518 3522 losopbie.
542 3461 578 3510 Cd'.
600 3463 678 3518 etit..
700 3465 731 3516 ll,
756 3470 793 3521 tt,
815 3469 844 3508 33
860 3478 866 3506 ι
884 3483 895 3506 ι
919 3463 948 3508 ab

403 3533 486 3579 alicnis
497 3534 576 3594 potius
590 3533 712 3581 consilinm
726 3543 837 3596 peterent
850 3551 921 3596 quesn
935 3551 946 3580 n

403 3604 450 3649 suls
463 3615 489 3651 et
498 3604 554 3652 loris
564 3605 644 3666 potins
654 3622 726 3668 quam
740 3607 828 3652 dorne?
845 3625 857 3648 ι

435 3677 473 3722 re
486 3677 543 3722 urbs
561 3692 597 3726 su.
618 3677 755 3724 d'Atlalues.
769 3677 807 3724 Cl.
822 3676 851 3722 sle
867 3681 946 3733 Orat,

402 3749 423 3804 1,
441 3752 464 3799 3,
484 3753 511 3792 13
529 3762 535 3792 a
553 3767 564 3790 ι
582 3741 635 3794 ills's
655 3748 761 3794 omnium
786 3747 947 3795 doctrinarum

403 3817 551 3880 inventrices,
567 3819 672 3864 Athenas
686 3839 707 3864 ι.

435 3891 579 3942 Panaretus,
614 3890 713 3936 cltetcur
739 3889 875 3945 d'Atbimcs,
901 3889 947 3937 eist-

402 3975 457 4006 evec
471 3959 538 4022 lloge
548 3977 592 4022 par
600 3961 707 4023 senisque
718 3961 740 4008 le
751 3960 810 4024 piare
820 3959 946 4024 (Centrum,

404 4033 423 4089 1,
439 4037 462 4089 r,
482 4029 513 4096 7).
534 4032 569 4080 ct.
592 4035 672 4090 Ome,
695 4041 733 4090 ao,
759 4041 827 4080 sos=
852 4036 948 4080 suune

403 4114 430 4150 tn
448 4114 569 4152 oratorem
591 4103 794 4168 (Demosthenem)
822 4121 874 4152 curu
898 4107 947 4166 ejus

400 4176 577 4224 studiosissimo
587 4180 723 4234 Ροιιιιιιοιιο,
739 4194 789 4224 catu
802 4193 865 4225 esses
877 4179 947 4225 Atbc·

402 4249 447 4302 nis,
462 4259 538 4296 toturn
551 4249 732 4312 diligentissime
743 4249 884 4310 cognovisti.
897 4271 909 4292 ι

433 4321 508 4366 Vetas
519 4320 657 4368 Academia.
671 4322 706 4368 (Ξῖ.
726 4322 779 4384 plns
790 4320 856 4378 baut,
870 4321 884 4384 ξ
897 4329 948 4378 133,

402 4399 456 4440 dib.

434 4464 539 4520 Aristus,
558 4463 620 4512 tetre
642 4463 795 4513 d'dntiocbns
822 4465 948 4512 tl'Ascelon

404 4535 426 4598 (ᾖ
441 4533 506 4599 att).
526 4534 564 4581 Cl.
580 4537 686 4594 cleFt'rsq
698 4539 729 4593 V,
746 4543 769 4592 3,
782 4545 814 4584 8:
831 4557 843 4578 ι
859 4535 948 4583 Antio-

402 4608 470 4657 cbl...
493 4609 634 4654 sentcntinrn
661 4625 731 4672 quem
749 4608 803 4662 tibi¹
831 4609 873 4670 qul
900 4607 948 4654 lra-

403 4691 463 4727 trem
483 4681 534 4740 ejus
553 4680 659 4727 Aristum
677 4679 814 4742 frequenter
835 4679 947 4732 audieris,
977 4725 979 4731 k

402 4752 504 4798 menime
524 4751 647 4816 probatam
663 4753 774 4799 cristiano
787 4769 810 4810 νς
826 4751 912 4814 dead,
926 4752 946 4814 l,

403 4830 425 4890 t,
441 4831 484 4880 *lt
495 4823 631 4888 nutuque.
645 4828 726 4890 litet,
736 4832 764 4872 t:
776 4822 875 4876 dissiliet
887 4827 945 4876 bau·

402 4897 485 4960 μάζιον
501 4894 544 4963 pla
566 4895 743 4964 Αντὶοχοντλν
766 4893 946 4958 ’Anderitum

1002 3101 1073 3166 φιλον
1097 3099 1123 3152 δὲ
1144 3099 1187 3151 καὶ
1214 3099 1356 3164 nundinans
1380 3099 1422 3152 τον
1442 3099 1543 3166 ἀδελφὸν

1003 3170 1081 3225 αὐτοῦ
1099 3171 1263 3239 πεποιημένος
1275 3171 1408 3238 Ἀριστον.
1422 3171 1500 3240 ἄνδρα
1514 3177 1542 3244 τῇ

1004 3244 1047 3309 μὲν
1060 3240 1084 3296 ἐν
1102 3245 1187 3310 λόγοις
1206 3243 1254 3303 itas
1274 3244 1417 3311 φιλοσόφων
1432 3243 1542 3309 λειπὸμε·

1002 3335 1055 3372 νον,
1068 3310 1166 3386 sitella
1179 3315 1205 3370 δλ
1219 3317 1264 3370 nel
1285 3317 1407 3388 πρᾳότητι
1415 3324 1468 3377 τοῖς
1476 3317 1542 3384 apd·

1002 3407 1053 3446 τοις
1065 3388 1203 3453 ἐνάμιλλον.

1033 3463 1130 3523 Hospes.
1149 3461 1258 3528 uicem,
1278 3473 1391 3509 recenant
1407 3463 1437 3509 da
1455 3461 1541 3512 Cilicia.

1003 3533 1066 3579 nvait
1077 3533 1115 3579 ctis
1130 3549 1174 3578 νοιι
1186 3533 1260 3580 ltdteir
1269 3532 1375 3580 Atlt'cncs
1388 3531 1430 3596 (tul
1439 3537 1502 3588 Aes..
1513 3533 1541 3582 V.

1004 3611 1041 3661 to,
1052 3613 1078 3662 53
1090 3605 1178 3660 Aeaci..
1187 3607 1282 3668 tt,t,ta
1291 3607 1449 3663 5Tmcul.,v‚
1460 3611 1483 3656 3,
1494 3601 1540 3664 33).

1032 3676 1118 3724 Futuvs'
1130 3691 1218 3722 sumus.
1241 3675 1365 3740 Riemann,
1385 3680 1501 3737 ὅμοιοι,
1516 3691 1539 3735 p.

1002 3751 1056 3809 sto,
1070 3747 1084 3808 g
1098 3753 1151 3795 ιιι.

1034 3825 1088 3864 333.
1106 3819 1187 3865 lterum
1200 3818 1325 3875 cernimus,
1338 3829 1385 3864 ete.
1402 3819 1490 3864 Nouvel
1503 3831 1540 3862 nt·-

1002 3900 1100 3950 pument
1114 3889 1126 3934 it
1138 3889 1227 3949 l’uppui
1240 3891 1270 3936 de
1284 3905 1325 3935 acc
1334 3889 1394 3935 etaim
1411 3889 1485 3944 decet,
1496 3900 1539 3934 etc.

1002 3957 1025 4021 (§
1044 3961 1107 4023 333).
1133 3961 1234 4022 Clmque
1257 3961 1397 4022 gc'nisratlon
1416 3969 1487 4020 spent
1501 3973 1541 4005 sun

1002 4031 1078 4093 prend
1094 4041 1197 4086 orateur.
1212 4034 1227 4080 il
1241 4033 1291 4080 lant
1311 4050 1357 4096 qsrc
1371 4033 1392 4078 ls
1406 4031 1541 4094 gendrttlou

1001 4102 1043 4164 qui
1062 4103 1127 4150 vient
1151 4103 1221 4166 apres
1240 4106 1301 4152 celle
1326 4105 1355 4150 de
1384 4103 1483 4150 Cice'nro
1509 4101 1540 4146 sit

1002 4175 1063 4222 russi
1081 4177 1103 4222 lc
1123 4177 1190 4231 siem
1214 4179 1299 4226 brutus
1320 4188 1355 4223 cst
1373 4187 1427 4223 tout
1448 4170 1541 4236 ddsigne

1001 4264 1064 4310 poue
1074 4250 1124 4295 dtrc
1140 4249 1247 4300 celui-lis.

1032 4318 1266 4380 Singultsetutibas.
1283 4320 1319 4367 Gi.
1340 4321 1369 4365 de
1388 4320 1467 4378 Orus„
1484 4319 1503 4374 l,
1518 4323 1539 4370 3,

1003 4399 1016 4438 3
1031 4407 1036 4434 :
1052 4411 1063 4434 ι
1081 4406 1132 4437 cunt
1152 4391 1207 4438 boni
1225 4392 1309 4453 perdiu
1328 4390 1394 4448 nulli,
1413 4391 1540 4436 sinautem

1002 4463 1098 4526 singulis
1114 4463 1221 4509 aetatibus
1239 4463 1325 4526 singull
1342 4462 1479 4509 tolerabiles
1493 4476 1540 4507 oss·

1002 4544 1066 4580 turres
1078 4533 1239 4582 invenirentur
1250 4555 1270 4582 ν.
1504 4579 1507 4588 ,

1033 4606 1118 4665 Gelda,
1137 4605 1152 4668 ἓ
1171 4614 1201 4654 83
1218 4617 1243 4653 st
1266 4607 1324 4654 suiv.
1345 4605 1454 4670 Lepidis,
1471 4605 1485 4669 5
1503 4610 1538 4649 33.

1002 4678 1085 4732 Carbo,
1106 4678 1121 4741 ἓ
1141 4685 1193 4726 303.
1214 4681 1292 4728 Mesae
1306 4679 1467 4726 inumbration
1486 4677 1540 4723 dens

1003 4749 1107 4807 ruent..
1121 4751 1141 4814 l,
1157 4757 1180 4815 3,
1196 4757 1227 4798 t:
1246 4772 1257 4795 ι
1272 4751 1382 4816 Galbam,
1397 4751 1538 4810 Airicsnum,

1000 4822 1097 4869 Lelinm
1110 4823 1195 4870 doctas
1203 4821 1275 4872 luisse
1283 4824 1394 4873 anditum
1402 4832 1448 4886 est,
1456 4819 1539 4869 studio·

1000 4895 1051 4942 suns
1065 4903 1142 4941 sutem
1157 4909 1220 4960 enan,
1236 4897 1278 4960 qui
1295 4893 1538 4958 eiectamenta,
