3670 5770
339 709 356 758 e
674 708 858 778 tuturus,
882 711 923 781 ιι,
948 713 981 778 ι;
1008 711 1066 779 ιιι,
1089 711 1142 767 ιι.

338 837 456 906 sunota
490 837 592 906 rebus
617 837 832 933 amplissimis
860 855 1021 938 tanquam
1052 841 1088 910 in
1124 856 1262 937 portum
1288 839 1484 936 confugere

340 952 483 1024 deberet
502 976 572 1022 non
591 951 721 1022 inertiae
737 979 850 1052 neque
866 955 1017 1044 desidiae,
1039 955 1099 1027 sed
1114 955 1175 1026 otii
1191 955 1360 1027 moderati
1374 971 1482 1052 atque

340 1066 488 1153 bonesti,
507 1091 655 1164 cumque
676 1069 746 1164 ipsa
764 1071 875 1142 oratio
890 1073 960 1167 jam
976 1087 1090 1143 nostra
1107 1087 1306 1144 canesceret
1324 1071 1485 1142 liaberet-

339 1207 407 1278 que
427 1207 521 1252 suam
541 1184 713 1278 quandum
735 1188 965 1258 maturitatem
985 1202 1019 1260 et
1038 1187 1134 1282 qnasi
1158 1196 1384 1272 senectutem,
1406 1201 1479 1256 ιιιιιι

339 1323 433 1369 arma
448 1313 528 1370 suut
544 1323 582 1370 ea
597 1315 743 1396 sumpta,
768 1301 893 1396 quibus
913 1302 961 1372 illi
980 1303 1057 1399 ipsi,
1075 1303 1134 1398 qui
1155 1301 1347 1372 didicerant
1366 1301 1414 1373 eis
1429 1301 1479 1370 uti

339 1413 502 1510 gloriose,
519 1415 810 1510 quemadmodum
827 1417 1020 1489 salutariter
1035 1431 1228 1502 uterentur,
1247 1442 1318 1486 non
1329 1415 1478 1512 reperie-

339 1531 434 1600 bant.
456 1534 499 1620 [9]
520 1531 641 1628 Itaque
658 1531 689 1602 ei
709 1531 792 1602 milri
809 1533 971 1604 videntur
983 1532 1156 1604 fortunate
1173 1533 1342 1629 beateque
1358 1531 1479 1602 vixisse

341 1671 419 1716 cum
443 1645 479 1716 in
504 1647 628 1719 ceteris
654 1648 848 1720 civitatibus
873 1665 944 1722 tum
971 1649 1117 1720 maxime
1145 1647 1180 1718 in
1202 1663 1330 1730 nostra,
1356 1647 1480 1744 quibus

341 1789 419 1834 cum
445 1764 648 1837 auctoritate
669 1791 855 1864 rerumque
881 1783 1051 1864 gesturum
1073 1764 1183 1864 gloria
1210 1779 1282 1836 tum
1310 1765 1412 1836 etium
1429 1791 1479 1835 sa·

341 1879 478 1978 pientiae
506 1881 606 1954 laude
630 1882 761 1980 perfrui
790 1883 898 1956 licuit.
927 1885 1083 1975 Quorum
1111 1882 1276 1954 memoria
1301 1896 1335 1954 et
1361 1907 1481 1952 recor-

340 1997 434 2071 datio
467 1997 503 2068 in
537 1999 692 2070 maximis
730 2001 856 2100 nostris
888 2001 1165 2097 gravissimisque
1203 1999 1294 2070 curis
1327 1999 1480 2092 jucunda

340 2137 421 2184 sane
438 2111 515 2199 fuit,
537 2139 615 2184 cum
636 2115 670 2184 in
694 2139 769 2187 eam
791 2141 904 2212 nuper
928 2141 969 2187 ex
992 2140 1150 2188 sermone
1169 2115 1319 2213 quodam
1340 2113 1481 2184 incidis-

340 2253 466 2298 semus.

388 2345 451 2413 III.
469 2347 537 2442 [lo]
558 2345 734 2416 Nemeum
752 2345 997 2418 inambularem
1016 2346 1051 2416 in
1066 2361 1164 2442 xysto
1179 2359 1213 2416 et
1228 2368 1335 2416 essem
1352 2343 1481 2414 otiosus

335 2459 447 2546 domi,
471 2463 519 2530 M.
543 2461 586 2532 ad
606 2485 662 2532 me
679 2465 817 2549 brutus,
841 2478 877 2535 ut
900 2475 1139 2548 consueverat,
1162 2485 1240 2532 cum
1268 2463 1307 2532 Τ.
1334 2463 1480 2557 Pompo·

371 2665 422 2714 Otii
428 2665 540 2712 moderati
547 2665 719 2729 «requietioni,
730 2668 787 2716 e’est
796 2669 884 2715 l'otium

338 2753 389 2784 curre
403 2737 520 2798 dignitate
534 2738 565 2783 du
576 2737 605 2782 de
617 2739 693 2794 stat„
704 2741 726 2801 l,
739 2745 760 2796 t,
776 2747 798 2786 t.

371 2810 453 2856 Oratio
463 2805 518 2870 jum
532 2819 619 2871 nuere,
638 2811 800 2858 construction
818 2811 884 2858 lanai·

339 2880 397 2927 liire
406 2895 434 2924 au
443 2880 624 2940 styleorntoire.
637 2879 695 2943 Cifi
708 2887 733 2926 ιι
744 2898 749 2928 ι
760 2903 772 2926 ι
783 2883 885 2944 populus

339 2965 486 2996 aerumnam
501 2969 512 2991 ι
536 2952 634 3014 berger,
648 2949 795 3015 Stylieeiquq
805 2953 820 3015 5
832 2959 883 3016 447,

358 3027 433 3070 Abi.

338 3038 355 3084 p
371 3075 514 3158 canesceret.
531 3091 568 3156 Cf.
587 3093 697 3156 Quintil,
711 3093 752 3150 xl,
767 3101 790 3150 t,
804 3101 841 3146 tt.

373 3163 541 3213 maternalem.
555 3164 592 3211 Ci.
605 3164 620 3227 5
634 3171 688 3211 ara.

371 3236 417 3286 Ilii
427 3236 480 3298 ipsi,
491 3237 565 3282 Ce'rar
576 3248 601 3284 et
612 3237 725 3299 Pompie,
738 3236 779 3300 qui
792 3239 885 3287 avaient

339 3309 385 3356 leit
397 3311 427 3356 de
439 3309 460 3355 le
473 3324 559 3372 guerre
575 3325 606 3355 ιιιι
620 3309 729 3374 glorieux
745 3313 883 3370 apprende-

341 3399 404 3446 sege,
420 3381 467 3428 l'un
480 3398 509 3428 en
522 3382 607 3438 Gnade,
619 3382 704 3429 l’eutre
718 3398 748 3429 en
760 3383 854 3433 Orient.

374 3453 527 3502 Salutariter.
551 3454 651 3501 Cieiron
674 3454 764 3500 rerieut
786 3465 886 3502 rourent

344 3543 383 3572 rur
391 3517 455 3572 cettei
465 3526 518 3572 ldie
527 3541 573 3586 que
582 3526 640 3572 ιΙιιιιι
650 3524 683 3571 lea
690 3541 786 3588 guerres
797 3527 885 3583 civiles,

343 3599 398 3661 quel
410 3613 456 3660 que
468 3597 514 3644 soit
525 3589 704 3660 le'vainqueun
719 3598 752 3644 les
769 3599 841 3646 suites
856 3601 886 3646 de

343 3671 365 3716 la
377 3669 475 3715 rietoire
490 3679 542 3715 eout
556 3671 662 3730 toujoure
676 3668 788 3716 inuretur.
806 3671 842 3717 Cl.
855 3671 888 3716 ed

344 3741 442 3800 Fannii„
456 3743 497 3796 tx,
516 3747 539 3794 4,
555 3746 607 3787 ³2·
622 3751 751 3787 extremum
769 3743 885 3788 malorum

344 3813 447 3868 samnium
460 3829 508 3858 esse
519 3813 575 3858 belli
588 3811 661 3860 eirilis
669 3813 788 3859 victoriam
800 3831 822 3868 aa
831 3816 883 3868 xit,

345 3891 403 3941 t8,2
414 3902 419 3931 :
432 3905 443 3926 e
454 3885 569 3930 llellorum
591 3885 654 3930 enim
670 3884 773 3930 civilium
785 3885 810 3931 bi
820 3901 884 3931 sem·

345 3968 387 4014 per
406 3955 480 3999 exitus
499 3963 562 4010 eunt,
578 3962 603 3999 ιιι
617 3969 665 3998 non
683 3969 710 3998 ea
732 3954 807 3999 solum
828 3955 885 4002 lleut

344 4041 394 4086 qun
411 4024 563 4082 polluimur,
586 4026 626 4070 red
643 4024 716 4071 etiam
740 4035 765 4070 ιιι
786 4025 814 4070 iie
835 4041 885 4072 mm

343 4099 462 4170 gerepdue
475 4097 514 4154 eit,
527 4097 612 4160 quibua
623 4097 769 4157 adjutoribus
777 4098 807 4148 ait
817 4108 883 4160 parta

343 4167 449 4219 victorin,
469 4187 480 4210 ι
629 4215 631 4220 ,

375 4241 534 4303 depeream.
564 4243 625 4304 Par.
644 4240 763 4302 politresu
784 4241 884 4290 Ciciron

344 4312 441 4360 ieintde
455 4314 532 4384 eroirq
547 4329 593 4376 qne
608 4312 680 4361 Ciear
694 4329 709 4359 n
722 4313 832 4360 elterebi.

376 4389 500 4434 Fortunate
519 4401 574 4432 aree
592 4385 625 4432 lea
645 4384 738 4432 invenes
754 4387 784 4432 de
799 4387 820 4433 la
834 4385 883 4433 ior·

343 4471 407 4514 tune,
424 4457 491 4506 beate
509 4475 564 4504 aree
582 4459 603 4504 la
623 4457 709 4504 liberti
730 4458 827 4520 d'otprit
843 4461 884 4521 qui

343 4541 436 4593 permut
448 4531 502 4580 d’on
512 4531 576 4592 jouir
587 4529 738 4592 pleinement.
876 4577 878 4582 ,

344 4643 347 4650 ,
374 4606 510 4668 inmensa,
533 4603 573 4664 qui
593 4612 630 4648 eet
649 4601 670 4647 lu
688 4601 842 4662 plueilluetre
854 4603 885 4667 de

343 4686 420 4730 toute·
429 4685 454 4726 et
462 4690 504 4736 par
514 4674 575 4722 ruite
587 4671 645 4718 eelle
657 4673 689 4718 ob
699 4671 732 4719 les
741 4671 884 4731 jouiesaneer

343 4751 373 4795 de
389 4749 410 4794 la
426 4747 499 4809 gleire
510 4757 570 4798 ‚sont
584 4745 605 4791 le
621 4746 674 4808 plue
688 4745 831 4806 prieieuses.
846 4745 883 4792 Ci.

343 4821 371 4870 de
381 4821 483 4878 Orat.‚l‚
492 4825 514 4877 4,
523 4824 531 4866 t
547 4835 554 4864 a
567 4837 579 4861 a
590 4818 615 4866 ia
625 4816 715 4880 optima
725 4817 848 4880 republica
862 4838 883 4866 ι.

969 2669 1102 2731 Sapientia,
1118 2682 1210 2729 regem
1224 2665 1352 2729 politique.

969 2739 1073 2801 Persem,
1091 2737 1155 2799 jouir
1178 2737 1363 2800 eornpliternent
1384 2746 1408 2783 et
1427 2738 1478 2798 jus-

938 2812 1010 2874 qu’au
1025 2812 1092 2858 Ιιυιιι.

969 2883 1082 2928 Meritoria
1092 2890 1116 2925 et
1129 2881 1265 2936 nmaidein,
1280 2881 1340 2926 dens
1354 2889 1418 2924 mote
1428 2893 1481 2924 ιιιιι·

938 2961 993 2998 veut
1012 2951 1157 3012 repproebie
1168 2953 1226 2996 dnus
1244 2950 1345 2997 Cieiron
1362 2948 1480 3012 (ruent,

875 3049 877 3054 v
938 3027 969 3076 V.
982 3029 1021 3078 44,
1034 3029 1063 3068 88
1076 3039 1082 3078 ς
1097 3021 1189 3079 utine,
1204 3028 1243 3078 27,
1256 3019 1318 3084 tut).
1332 3023 1365 3068 Le
1375 3020 1482 3082 premier

938 3093 1028 3142 semble
1040 3092 1152 3156 diriguer-
1162 3093 1197 3140 les
1210 3103 1285 3139 tmere
1298 3093 1350 3153 plue
1361 3108 1391 3138 ou
1405 3093 1480 3139 moine

940 3181 1025 3230 vngues
1039 3179 1086 3228 que
1111 3165 1132 3210 le
1154 3163 1222 3225 pruni
1243 3179 1255 3208 e
1275 3163 1370 3209 laiseies
1388 3164 1445 3210 dune
1458 3166 1479 3210 la

940 3235 1064 3293 ιιιὸιιιιιίιες
1081 3237 1104 3282 le
1127 3237 1214 3282 seeund
1234 3237 1320 3282 l'ell'ort
1340 3235 1371 3282 de
1390 3235 1481 3298 l'eeprit

939 3310 979 3374 qui
992 3309 1091 3356 elterelte
1109 3311 1121 3354 l
1142 3307 1283 3355 rnuembler
1299 3323 1336 3354 rea
1350 3308 1479 3354 soarrenira.

939 3383 977 3431 Ci.
987 3383 1016 3430 de
1026 3383 1104 3444 Orat„
1116 3383 1134 3438 Ι,
1145 3389 1167 3444 2,
1182 3387 1193 3426 t
1208 3399 1213 3428 ι
1226 3401 1237 3423 ι
1248 3397 1274 3425 ue
1284 3380 1340 3426 milri
1352 3383 1480 3443 repetenda

939 3453 1071 3503 estreterie
1092 3455 1211 3514 eujusdam
1229 3453 1347 3498 memoriae
1368 3469 1413 3498 uon
1426 3468 1480 3498 rane

940 3527 1121 3587 eatirexplieeta
1136 3524 1267 3571 recordatio
1283 3543 1303 3569 ι.

972 3601 1017 3654 ill,
1034 3603 1070 3648 to.
1085 3598 1168 3656 erto,
1184 3597 1292 3641 tortello
1308 3606 1408 3642 terruere
1425 3612 1480 3642 aree

941 3685 985 3717 uue
994 3669 1090 3730 [seleuse
1098 3667 1121 3730 (ξ
1128 3673 1155 3713 at
1161 3665 1327 3729 prurulumlon
1337 3683 1366 3712 un
1375 3679 1481 3727 perterre

940 3743 969 3788 de
981 3741 1050 3788 deun
1064 3738 1137 3801 (Ptine
1156 3739 1178 3784 le
1192 3741 1275 3795 Jeune,
1293 3739 1380 3800 epten,
1398 3741 1425 3794 ll,
1443 3745 1480 3794 47,

940 3819 966 3860 tt
982 3831 987 3859 ι
1007 3833 1018 3855 ι
1031 3821 1111 3874 xystus
1121 3809 1189 3856 violis
1200 3810 1311 3858 odoratur
1324 3808 1355 3873 ι),
1367 3811 1407 3872 qni
1426 3825 1480 3856 eer-

939 3884 985 3930 nit
999 3885 1029 3930 de
1041 3883 1185 3945 promenade
1197 3881 1295 3928 d'birer.
1308 3881 1357 3928 Elle
1369 3897 1394 3927 ee
1407 3882 1479 3927 dive·

938 3956 1029 4018 loppnit
1041 3953 1184 4001 ‹l'ordinaire
1199 3953 1220 4000 le
1230 3954 1285 4015 long
1297 3953 1352 3999 el'un
1369 3953 1480 4015 porrique

938 4025 1025 4090 expromi
1037 4042 1066 4073 au
1079 4025 1136 4072 midi
1151 4035 1175 4072 et
1189 4025 1248 4071 dont
1262 4025 1285 4070 le
1298 4039 1350 4070 mur
1364 4026 1384 4070 lu
1395 4041 1478 4085 perun·

939 4099 1016 4146 riserit
1034 4107 1115 4145 oontre
1135 4097 1167 4143 les
1186 4107 1254 4144 venta
1267 4098 1299 4143 du
1314 4098 1373 4142 nord
1391 4097 1480 4160 (ntiae,

939 4170 958 4220 i.
976 4187 997 4217 e.
1008 4189 1015 4227 ι
1027 4170 1134 4226 Vimine,
1149 4171 1191 4224 vt,
1208 4173 1231 4223 7,
1248 4165 1280 4232 n).
1300 4168 1479 4233 Imbulnrem,

937 4241 968 4289 el.
983 4243 1011 4288 de
1023 4243 1101 4304 Orat,
1115 4243 1146 4304 ll,
1161 4245 1185 4304 2,
1201 4247 1238 4286 tu.

971 4313 1046 4370 ιιοιι,
1066 4315 1078 4358 t
1104 4315 1185 4370 Rome,
1207 4327 1299 4358 eomme
1324 4313 1345 4358 la
1366 4324 1480 4374 {sentirent

937 4388 999 4433 deux
1014 4395 1096 4432 uutree
1116 4399 1224 4447 posanges
1239 4383 1271 4430 du
1284 4387 1369 4430 Brutus
1386 4385 1408 4448 (fi
1426 4391 1456 4430 ιιι
1473 4405 1478 4432 ι

941 4481 952 4503 ι
968 4459 1031 4521 quod
1043 4457 1100 4502 milti
1112 4473 1189 4517 nuper
1200 4457 1223 4502 iu
1235 4456 1367 4512 Tusculano
1381 4457 1479 4502 incolm-

940 4529 1161 4592 visat-,etgarus
1179 4529 1244 4574 need
1253 4529 1277 4573 iu
1286 4529 1391 4574 Cumano
1403 4540 1444 4574 ιιιιι
1456 4529 1480 4575 in

937 4601 1066 4649 rametam
1078 4601 1206 4664 aliqnando
1218 4619 1240 4656 ι,
1252 4599 1311 4664 ete.)
1323 4600 1382 4646 ainsi
1395 4616 1442 4662 que
1458 4600 1480 4646 la

938 4677 1009 4722 lettre
1022 4673 1055 4720 ed
1065 4673 1162 4729 remit..
1176 4675 1206 4730 V,
1221 4679 1261 4730 ιι,
1273 4679 1287 4718 ³
1299 4689 1337 4722 al·
1351 4688 1430 4735 neque
1443 4689 1481 4719 me

938 4757 1017 4792 tumen
1044 4745 1090 4792 ulle
1118 4760 1155 4792 ree
1176 4744 1220 4791 aliu
1246 4745 1325 4792 Rome
1344 4755 1408 4793 tenet
1436 4745 1481 4791 nini

938 4817 1081 4881 raspeetrtio
1090 4832 1168 4880 renim
1182 4817 1343 4883 Airiesuprum
1359 4837 1381 4864 ι.
1470 4837 1472 4844 ·
